3254 4864
774 390 812 452 21
864 425 904 436 ..

191 603 336 677 septem
378 601 514 653 secreto
555 587 708 652 cenavit¹‘
763 589 830 668 (vv.
871 587 913 649 94
948 599 983 650 et
1018 583 1075 666 95)
1115 597 1149 650 et
1198 581 1379 667 ,Antiquis

192 722 269 763 uua
317 696 507 762 comedunt
558 694 762 778 patrimonia
808 699 942 758 mensa“
993 697 1036 775 (v.
1088 692 1161 771 138)
1207 691 1294 754 inter
1340 711 1377 753 se

194 806 399 873 contuleris.
448 803 550 880 Quae
598 823 675 866 cum
720 802 768 865 ita
814 803 891 877 sint,
938 823 992 865 vv.
1044 800 1182 869 127-131
1244 797 1376 875 eodem,

194 936 274 1000 quo
331 926 404 976 tota
460 909 616 995 quaestio
674 908 792 983 tendit,
860 908 1030 994 relerendi
1081 919 1168 984 sunt,
1216 906 1260 969 ad
1305 903 1379 968 illas

198 1021 325 1085 sordes
363 1018 487 1094 divitis,
526 1037 611 1102 quas
649 1027 753 1100 poeta
792 1016 858 1079 iam
896 1038 951 1078 vv.
989 1016 1031 1077 94
1063 1027 1097 1078 et
1122 1011 1163 1076 95
1187 1024 1378 1088 notaverat,

202 1148 351 1214 eamque
375 1124 420 1189 ob
445 1129 585 1188 causam
608 1123 686 1186 loco
710 1143 771 1186 suo
795 1122 960 1186 retinendi
985 1143 1059 1186 esse
1083 1120 1181 1186 nobis
1202 1120 1376 1190 uidentur.

201 1235 283 1298 Hoc
308 1252 391 1296 vero
416 1231 517 1294 modo
541 1229 740 1314 Juvenalem
757 1229 801 1293 ad
818 1229 1004 1293 orationem
1021 1229 1122 1314 longe
1139 1248 1378 1313 praegressum

204 1342 333 1426 exigua
369 1349 441 1402 arte
477 1336 683 1400 descendere
719 1335 773 1399 vel
805 1336 918 1420 potius
945 1336 1172 1420 praecipitare
1197 1334 1275 1399 licet
1293 1343 1380 1398 'con-

207 1445 401 1512 cedendum
425 1445 478 1520 sit,
503 1455 614 1508 tamen
639 1443 666 1506 si
690 1443 765 1528 quis
789 1442 834 1506 ad
859 1444 930 1506 eius
954 1442 1234 1507 consuetudinem
1259 1443 1380 1506 satiras

211 1552 436 1637 componendi
460 1550 655 1626 attenderit,
679 1550 714 1615 id
738 1570 804 1612 non
818 1571 962 1635 magnae
976 1551 1156 1614 offensioni
1169 1570 1243 1612 esse
1256 1561 1379 1633 potest.

207 1698 211 1706 ·
301 1658 394 1723 Haec
420 1659 509 1721 enim
534 1657 794 1742 compositionis
818 1657 897 1720 vitia
933 1657 1023 1720 unde
1068 1657 1256 1742 repetenda
1302 1657 1379 1733 sint,

213 1767 237 1830 si
257 1766 439 1852 quaeritur,
463 1765 626 1849 imprimis
650 1764 803 1827 videmus
838 1763 1038 1848 Juvenalem
1073 1765 1105 1826 in
1134 1764 1381 1849 persequendis

210 1875 257 1937 eis
296 1872 410 1948 rebus,
448 1872 492 1935 de
531 1871 652 1958 quibus
691 1872 724 1933 in
768 1871 878 1934 satiris
916 1872 1039 1957 agitur,
1078 1872 1177 1936 nimis
1215 1883 1379 1956 angustae

210 1982 429 2064 minutaeque
465 1979 655 2064 diligentiae
691 1979 877 2065 indulgere,
914 2000 981 2063 qua
1014 1978 1151 2064 quidem
1189 1999 1292 2062 saepe
1316 1999 1381 2062 pro

213 2087 438 2151 concinnitate
475 2088 635 2150 orationis
674 2087 807 2171 longius
851 2109 871 2148 a
910 2107 946 2148 re
993 2087 1169 2169 proposita
1231 2084 1378 2148 aberrat.
1453 2093 1458 2102 '

213 2193 411 2280 Priusquam
437 2214 512 2257 vero
536 2193 582 2256 ad
605 2194 692 2257 hanc
716 2215 788 2256 rem
801 2194 909 2276 ipsam
925 2192 1175 2277 aggrediamur,
1192 2191 1381 2255 sententiae

214 2321 328 2364 eorum
366 2301 521 2377 virorum,
547 2301 603 2385 qui
635 2300 678 2363 de
703 2298 980 2384 digressionibus
1021 2301 1168 2386 quaein
1207 2299 1379 2384 juvenalis

209 2408 317 2470 satiris
362 2422 539 2492 apparent,
587 2409 855 2492 disputaverunt.
904 2407 1134 2471 recensendae
1173 2407 1253 2469 mihi
1292 2418 1381 2470 sunt.

160 2565 163 2570 .
207 2512 283 2579 Hoc
312 2515 345 2577 in
373 2536 513 2578 numero
544 2514 833 2599 suntLupuS,*)
853 2515 910 2600 qui
926 2536 1066 2598 prorsus
1084 2513 1380 2596 Hermanum**)

208 2634 342 2685 secutus
355 2635 416 2697 est,
428 2634 461 2685 et
470 2622 517 2686 W
526 2623 608 2686 eise
618 2621 738 2704 us‚’'‘**)
752 2621 867 2707 Atque
876 2621 1005 2706 Lupus,
1015 2619 1383 2706 quamquamRibbek-

210 2728 398 2792 kiumhaud
405 2738 483 2792 raro
490 2729 698 2814 gravissimis
708 2730 818 2794 causis
832 2729 941 2792 allatis
959 2727 1143 2812 redarguit,
1152 2740 1265 2790 tamen
1275 2728 1382 2790 omni-

209 2834 271 2898 bus
306 2836 339 2898 in
373 2835 476 2900 rebus
511 2857 579 2899 non
603 2837 683 2899 satis
707 2847 808 2899 caute
833 2857 903 2898 rem
928 2835 1103 2898 instituere
1131 2834 1211 2896 mihi
1235 2832 1380 2897 videtur.

207 2941 298 3005 Nam
322 2955 358 3006 ut
383 2943 577 3028 complures
601 2944 723 3007 satirae
755 2944 788 3007 V
810 2944 904 3007 locos
928 2941 971 3004 ab
995 2941 1051 3004 illo
1083 2944 1114 3003 in
1152 2942 1380 3025 suspicionem

207 3062 349 3114 vocatos
374 3061 565 3127 conservet,
590 3071 710 3135 parum
736 3059 877 3138 gravem
896 3070 1032 3113 causam
1049 3048 1163 3124 affert,
1188 3069 1264 3111 cum
1282 3048 1378 3112 dicit:

211 3158 340 3235 ,oratio
375 3179 442 3220 uno
477 3178 612 3242 semper
640 3173 759 3223 tenore
790 3158 1013 3244 progrediens
1038 3175 1276 3242 quemcunque
1312 3157 1383 3221 lec-

208 3275 317 3328 torem
340 3264 559 3350 defatigaret,
596 3267 659 3329 nisi
682 3266 851 3330 interdum
865 3265 1023 3330 brevibus
1048 3263 1263 3328 deverticulis
1279 3263 1382 3327 inter-

166 3369 172 3376 ’
207 3372 452 3456 rumperetur.“
503 3370 552 3435 At
588 3393 704 3436 omnes
729 3371 954 3457 digressiones
988 3371 1205 3437 Ribbeckius
1244 3371 1382 3435 omnino

207 3499 276 3541 non
290 3479 471 3563 vituperat,
495 3480 557 3544 sed
572 3479 655 3543 tales
668 3491 809 3554 tantum,
834 3499 954 3564 quaea
979 3501 1062 3544 sono
1087 3493 1120 3544 et
1135 3492 1254 3543 tenore
1278 3478 1382 3541 totius

205 3585 273 3649 loci
297 3605 437 3670 prorsus
460 3585 656 3650 abhorrent.
697 3586 863 3670 Imprimis
888 3607 969 3648 vero
993 3586 1113 3671 Lupus
1137 3588 1170 3650 in
1194 3587 1245 3650 his
1270 3585 1383 3648 diver-

207 3691 319 3757 ticulis
343 3694 530 3758 statuendis
555 3693 652 3757 nimis
676 3693 776 3778 longe
793 3692 954 3779 progredi
971 3693 1115 3757 videtur.
1155 3693 1278 3779 Neque
1292 3693 1380 3755 enim

208 3799 401 3883 complures
425 3821 542 3864 versus
566 3799 773 3886 singularum
789 3801 981 3876 satirarum,
1005 3821 1090 3885 quos
1106 3802 1173 3864 hoc
1190 3800 1222 3862 in
1239 3820 1381 3862 numero

208 3904 322 3987 habet,
359 3927 426 3969 non
460 3908 563 3971 modo
598 3929 618 3969 a
653 3927 782 3970 summa
818 3907 865 3971 rei
889 3907 987 3970 alieni
1013 3919 1100 3982 sunt,
1117 3907 1185 3980 ¹sed
1209 3906 1254 3969 ad
1277 3907 1382 3969 totius

208 4012 275 4076 loci
317 4014 517 4076 sententiam
554 4035 694 4098 prorsus
731 4015 914 4078 necessarii
951 4026 1038 4077 sunt.
1086 4013 1139 4076 Ac
1187 4012 1381 4097 nuperrime

245 4191 271 4254 *i
291 4191 429 4244 vindiciae
447 4192 543 4246 Juvon.
564 4193 626 4246 diss.
646 4194 721 4245 Bonn
742 4193 821 4245 1864.

245 4279 288 4346 ”l
305 4279 461 4332 Zeitsohrift
480 4282 523 4333 liir
544 4281 848 4334 Altertumswissensoh.
889 4282 965 4334 1844.

226 4371 287 4433 ***)
308 4369 416 4434 Quaest.
435 4368 532 4423 Juven.
553 4371 614 4423 diss.
634 4370 713 4424 Halle
734 4371 811 4425 1885.
