3254 4864
781 407 998 469 „20-

306 607 400 680 iram,
422 605 647 689 voluptatem,
670 603 807 689 gaudia,
831 604 1021 668 discursum
1041 591 1287 688 ,farragineml
1306 601 1357 664 sui
1375 599 1481 664 libelli

305 716 381 779 fore
415 713 576 777 ostendit.
614 711 781 795 Imprimis
804 731 886 774 vero
910 731 970 774 sua
994 723 1106 774 aetate
1129 705 1295 772 summam
1319 709 1480 772 vitiorum

305 823 440 907 copiam
472 819 613 883 inveniri
644 817 811 882 affirmat:
835 817 974 881 ludendi
1006 817 1240 902 cupiditatem,
1265 815 1481 879 insolentiam

243 1001 249 1014 ,
304 927 507 992 aedificandi
532 938 565 989 et
589 925 757 1010 epulandi.
790 924 853 988 His
878 923 979 988 rebus
1003 938 1107 1008 poeta
1130 923 1236 999 addit,
1259 943 1328 1008 qua
1345 924 1479 986 ratione

305 1035 429 1100 divites
455 1047 526 1097 tum
552 1033 740 1117 sportulam
764 1030 968 1095 distribuere
998 1032 1206 1096 consuerint:
1242 1043 1423 1114 praetores
1446 1042 1480 1093 et

304 1140 458 1206 tribunos
505 1140 656 1204 similiter
691 1162 732 1204 ac
769 1137 945 1203 libertinos
979 1140 1174 1224 neutiquam
1210 1137 1319 1202 vereri
1363 1137 1479 1200 divitis

303 1249 438 1334 patroni
474 1248 593 1332 „limen
626 1253 782 1311 vexare.“
831 1247 965 1310 Deinde
996 1246 1040 1310 ab
1064 1249 1128 1310 hac
1160 1267 1196 1310 re
1220 1245 1410 1310 deflectens
1436 1245 1478 1308 de

304 1354 449 1419 llbertini
474 1357 599 1421 divitiis
623 1369 657 1419 et
693 1356 736 1420 de
771 1355 918 1439 pecunia
941 1355 1132 1440 generatim
1158 1353 1323 1417 disserere
1349 1353 1476 1436 coepit.

306 1461 418 1526 Versu
447 1464 506 1533 117
524 1485 545 1526 a
568 1462 773 1527 diverticulis
798 1461 842 1524 ad
883 1463 1106 1525 intermissam
1130 1461 1316 1524 orationem
1342 1459 1478 1522 rediens

304 1570 477 1654 sportulae
524 1568 793 1634 distributionem
843 1568 939 1633 nobis
986 1570 1171 1654 depingere
1216 1566 1328 1652 pergit
1345 1565 1377 1648 *1
1425 1564 1476 1627 De
1583 1571 1584 1608 1

303 1698 356 1739 νν.
401 1677 471 1746 127.
515 1679 572 1739 131
615 1698 738 1762 magna
782 1677 947 1744 dissensio
987 1691 1038 1740 est
1084 1678 1172 1740 inter
1211 1677 1301 1738 viros
1346 1675 1474 1738 doctos.

304 1783 608 1866 Hirschfeldius**)
640 1785 777 1870 quidem
812 1797 918 1848 totam
954 1786 1051 1848 istam
1086 1785 1330 1848 versiculorum
1355 1785 1472 1848 seriem
1583 1859 1584 1874 χ

303 1912 364 1955 suo
403 1891 479 1954 loco
518 1892 660 1976 ineptire
700 1891 872 1955 affirmans
912 1913 954 1955 ex
992 1893 1056 1956 hac
1095 1893 1198 1956 satira
1235 1905 1315 1976 post
1354 1916 1386 1956 v.
1416 1894 1469 1955 130

303 1998 426 2062 satirae
449 1998 496 2062 III
519 2011 693 2085 tamquam
733 1999 764 2060 in
797 2020 894 2062 suum
926 1998 1039 2064 locum
1079 2000 1364 2084 interponendum
1402 2020 1466 2064 esse

303 2107 461 2170 ostendit.
511 2106 580 2181 Qui
604 2106 741 2193 quidem
765 2127 883 2170 versus
908 2128 1090 2192 quamqam
1114 2108 1141 2170 si
1165 2106 1325 2172 abessent
1349 2107 1466 2170 anullo

248 2270 253 2286 ,
304 2213 588 2289 desiderarentur,
625 2227 738 2277 tamen
774 2213 852 2278 hinc
900 2234 1037 2278 causam
1082 2234 1198 2276 eorum
1245 2214 1464 2277 eiciendorum

303 2322 411 2404 repeti
446 2343 547 2406 posse
582 2342 755 2406 negamus
812 2321 931 2385 Omnis
967 2321 1068 2405 igitur
1103 2320 1146 2383 de
1192 2343 1247 2383 vv.
1303 2320 1455 2392 127-131

303 2429 455 2513 quaestio
480 2428 590 2491 redire
615 2449 655 2491 eo
680 2429 759 2490 mihi
783 2427 927 2508 videtur,
960 2440 997 2490 ut
1021 2427 1251 2510 diiudicemuS,
1277 2441 1379 2492 utrum
1400 2443 1453 2486 suo

303 2535 380 2598 loco
404 2547 484 2618 apte
508 2535 665 2619 legantur
688 2555 805 2598 necne.
842 2533 959 2620 Atque
982 2534 1195 2600 Heinrichius
1220 2538 1398 2611 (comment.
1412 2529 1449 2594 ad

303 2643 379 2727 Juv.
418 2647 490 2718 sat.)
530 2654 670 2705 auctore
710 2641 892 2705 scholiasta
926 2642 1008 2704 istos
1046 2663 1161 2706 versus
1193 2644 1356 2708 artissime
1390 2660 1455 2704 cum

237 2817 238 2820 ,
303 2751 458 2834 proxime
501 2748 782 2812 antecedentibus
833 2748 1029 2820 cohaerere,
1058 2761 1091 2812 et
1130 2761 1269 2834 poetam
1308 2767 1461 2814 summum

303 2859 465 2926 honorem
490 2859 534 2936 (v.
564 2857 638 2937 117)
674 2855 855 2942 significari
879 2856 1025 2920 voluisse
1049 2856 1159 2921 docet.
1206 2855 1313 2933 Quod
1337 2878 1402 2921 non
1423 2857 1464 2918 ita

303 2985 377 3026 esse
400 2963 502 3027 facile
526 2962 663 3048 probari
687 2985 788 3048 posse
812 2964 956 3027 videtur.
981 2962 1233 3027 Sententiarum
1258 2965 1345 3027 enim
1369 2964 1465 3027 series

303 3092 323 3134 a
347 3094 378 3132 v.
406 3071 464 3140 127
490 3071 654 3155 incipiens
680 3091 757 3134 cum
770 3071 816 3134 eis
830 3069 992 3148 versibus,
1005 3073 1063 3157 qui
1087 3072 1241 3155 proxime
1266 3073 1469 3136 antecedunt

304 3181 371 3258 (vv.
397 3177 575 3259 95-126),
610 3199 750 3262 prorsus
785 3199 853 3241 non
890 3179 1063 3256 cohaeret,
1089 3200 1192 3263 quum
1218 3190 1289 3241 tota
1313 3180 1470 3254 narrati0,

304 3305 390 3369 quae
449 3306 504 3346 vv.
568 3285 721 3348 95-120
767 3285 990 3362 continentur,
1037 3276 1191 3371 qualmvis
1242 3285 1472 3370 compluribus

304 3389 568 3477 digressionibus
591 3391 781 3476 interrupta
803 3413 866 3476 per
883 3413 919 3456 se
936 3393 1103 3480 integram
1116 3394 1322 3478 quaestionis
1339 3406 1473 3479 partem
1583 3419 1584 3432 ¹

304 3499 442 3563 efficiat.
489 3498 566 3563 Huc
591 3498 737 3574 accedit,
761 3493 902 3583 quodsi
927 3521 1054 3576 versus
1080 3499 1269 3585 dequibus
1294 3503 1416 3586 agitur,
1440 3503 1474 3563 in

303 3607 415 3671 medio
441 3607 675 3692 relinquimus
700 3607 802 3670 facile
827 3609 1056 3692 cognoscitur,
1093 3620 1231 3692 poetam
1262 3609 1296 3671 in
1321 3622 1474 3673 extrema

303 3727 400 3798 parte
432 3714 567 3777 alterius
591 3713 808 3798 quaestionis,
832 3735 920 3799 quae
944 3735 1051 3801 usque
1076 3714 1176 3778 adv.
1206 3716 1266 3777 146
1290 3717 1473 3800 pertinent,

304 3842 379 3884 eam
403 3820 616 3895 sententiam,
656 3841 758 3904 quam
797 3820 863 3882 iam
901 3843 956 3883 vv.
996 3823 1037 3885 94
1076 3834 1110 3884 et
1149 3822 1189 3886 95
1241 3822 1283 3885 de
1334 3824 1474 3887 sordido

302 3940 428 4013 nepote
442 3926 573 4011 aperire
607 3938 779 4010 coeperat,
811 3926 876 3991 hoc
908 3927 983 3991 loco
1001 3949 1145 4014 pergere
1162 3928 1260 3992 latius
1278 3931 1472 4014 explanare.

303 4033 410 4110 Quod
433 4055 550 4097 verum
574 4053 649 4096 esse
673 4034 775 4098 facile
799 4034 985 4121 intelleges
1009 4037 1036 4099 si
1048 4036 1176 4100 haecce
1204 4036 1308 4100 verba
1325 4037 1473 4119 „fercula

369 4283 394 4349 ⁴¹)
413 4285 487 4339 Haec
507 4285 611 4338 sirecte
623 4287 799 4354 exposuimus,
818 4294 880 4354 post
889 4304 914 4340 v.
928 4289 977 4341 116
988 4304 1040 4341 uon
1051 4287 1149 4341 fortius
1158 4289 1327 4342 incidendum
1338 4296 1475 4356 putamus

356 4373 397 4442 ”J
417 4375 529 4428 Hermes
548 4375 625 4429 VIII.
644 4376 706 4430 475.
