3254 4864
729 351 948 412 ..30-

247 541 490 604 sententiarum
527 565 664 607 cursum
688 527 857 628 quadrare
882 546 1024 610 videtur.
1069 550 1201 620 Idcirco
1226 557 1326 620 etiam
1350 558 1418 623 hoc

246 645 324 712 loco
359 662 462 734 poeta
496 671 558 733 per
593 650 769 712 lormulam
804 671 865 714 usu
905 653 1110 720 scholastico
1146 676 1343 727 consuetam
1373 685 1415 729 ac

247 777 358 840 paene
382 757 494 820 tritam
519 756 563 820 ad
587 756 687 818 aliam
711 756 947 842 disputationis
970 774 1103 845 partem
1127 771 1257 832 transit.

353 881 408 945 Ac
432 880 511 944 licet
538 880 636 944 nobis
654 883 754 946 etiam
771 883 904 969 longius
921 885 986 949 hac
1004 887 1035 948 in
1052 887 1106 950 via
1118 894 1410 974 progredientibus

245 1010 305 1053 eos
321 1009 458 1073 quoque
471 987 566 1051 locos
582 989 751 1065 conferre,
769 989 825 1053 ubi
842 990 1014 1074 Juvenalis
1028 993 1170 1058 formula
1187 1000 1413 1065 conclusionis

245 1094 396 1159 adhibita
421 1095 596 1158 transitum
622 1095 737 1160 efficit.
784 1095 878 1161 Solet
903 1099 989 1162 enim
1015 1115 1117 1184 poeta
1142 1101 1286 1164 mediam
1323 1105 1412 1170 inter

245 1201 473 1265 narrationem
482 1202 682 1265 sententiam
689 1204 880 1267 universam
893 1205 1193 1294 interponere,qua
1205 1208 1416 1273 commodius
1455 1285 1457 1288 Ι

245 1308 403 1394 graviora
444 1329 485 1371 ex
527 1308 647 1371 eodem
685 1329 813 1393 genere
852 1311 961 1374 affere
1001 1313 1054 1375 vel
1094 1336 1267 1399 opponere
1295 1317 1414 1400 possit.

244 1415 342 1479 Haec
365 1415 503 1500 quidem
526 1416 692 1480 sententia
715 1416 749 1477 in
774 1416 920 1479 confinio
944 1416 1098 1481 binarum
1116 1422 1322 1506 quaestionis
1337 1443 1417 1507 par-

242 1524 325 1586 tium
350 1523 516 1587 collocata
541 1535 575 1586 et
598 1523 774 1608 superiora
798 1523 926 1610 colligit
943 1537 976 1590 et
992 1525 1201 1611 insequentia
1218 1542 1414 1614 praeparat.

241 1630 282 1694 Id
321 1630 550 1715 componendi
585 1651 694 1716 genus
734 1629 909 1694 Vahlenus
949 1631 1030 1712 (ind.
1069 1632 1160 1695 lectt.
1199 1648 1282 1698 aest.
1308 1634 1410 1700 Univ.

242 1736 388 1802 Berolin.
423 1738 518 1817 1884)
560 1738 747 1802 luculenter
779 1738 949 1822 docteque
974 1739 1156 1822 explicavit
1188 1753 1220 1803 et
1249 1742 1414 1827 exemplis

240 1845 394 1911 collectis
429 1844 606 1908 illustravit
641 1866 682 1908 eo
707 1844 856 1920 consilio,
881 1857 917 1908 ut
942 1846 1064 1909 satirae
1089 1845 1157 1911 VII
1173 1869 1201 1910 v.
1223 1848 1282 1912 138
1302 1849 1413 1913 multis

241 1953 366 2017 criticis
390 1965 589 2037 suspectum
613 1964 646 2014 et
671 1973 688 2015 e
714 1963 809 2014 textu
833 1963 999 2015 remotum
1024 1973 1084 2016 suo
1101 1953 1178 2016 loco
1205 1955 1409 2019 restitueret.

241 2061 317 2124 Hoc
342 2061 430 2123 enim
458 2060 535 2124 loco
568 2059 712 2122 eandem
739 2060 940 2122 sententiam
963 2060 1014 2122 his
1028 2059 1139 2123 verbis
1167 2073 1221 2140 „et
1244 2073 1401 2124 11111111--

242 2167 340 2230 utile“
368 2179 402 2230 et
429 2166 617 2246 „Convenit
644 2165 726 2228 illis“
766 2167 945 2251 repetitam
975 2167 1172 2244 invenimus,
1204 2189 1271 2253 quo
1295 2169 1409 2232 melius

237 2274 407 2337 sententia
435 2274 540 2359 priori
572 2273 729 2358 opposita
759 2274 854 2354 (‚.sed
889 2273 1009 2336 11116111ιι
1037 2297 1068 2336 v.
1097 2275 1172 2357 138)
1196 2275 1404 2338 adnectatur.
1440 2307 1441 2314 .

240 2381 298 2444 Eis
324 2380 497 2464 exemplis,
522 2401 609 2465 quae
634 2379 810 2443 Vahlenus
835 2380 879 2443 ad
903 2381 992 2444 hunc
1008 2380 1120 2444 locum
1137 2379 1401 2446 conservandum

238 2487 362 2564 attulit,
386 2487 487 2550 facile
511 2487 616 2550 multa
640 2487 705 2550 alia
728 2486 810 2550 addi
833 2500 985 2571 possunt.
1020 2487 1058 2550 ln
1082 2489 1205 2553 satirae
1230 2487 1276 2552 Vl
1292 2507 1321 2548 v.
1336 2484 1395 2544 224

239 2616 406 2659 summam
430 2615 557 2670 eorum,
582 2615 670 2679 quae
694 2593 772 2657 inde
795 2615 824 2658 a.
849 2617 880 2657 v.
906 2594 968 2666 207
987 2594 1030 2658 de
1047 2594 1194 2658 mulieris
1225 2591 1398 2679 cupiditate

237 2702 427 2787 imperandi
452 2703 614 2778 narravit,
637 2723 704 2764 una
728 2701 793 2764 hac
818 2702 985 2766 sententia
1012 2702 1176 2787 „imperat
1200 2723 1282 2787 ergo
1312 2698 1399 2760 viro“

239 2809 368 2896 colligit
402 2809 493 2872 nulla
529 2810 593 2873 alia
629 2830 733 2876 causa
768 2809 829 2872 nisi
864 2820 901 2872 ut
935 2810 1105 2873 contraria
1135 2810 1191 2872 illa
1225 2807 1305 2887 „sed
1328 2826 1404 2869 mox

234 2918 326 2982 'haec
361 2939 467 3004 regna
505 2918 681 3003 111111111ιί1ιι
716 2917 928 2982 commodius
961 2928 1188 3002 opponantur.
1236 2914 1406 2979 Similiter·

237 3047 303 3110 que
340 3025 450 3088 oratio
486 3024 519 3086 in
554 3026 678 3088 satirae
714 3024 795 3088 VIII
831 3047 883 3088 vv.
921 3026 962 3097 73
998 3047 1072 3111 sqq.
1098 3024 1315 3090 conformata
1339 3033 1406 3085 est:

241 3132 375 3212 „Rarus
411 3132 499 3194 enim
535 3131 640 3195 ferme
664 3153 782 3196 sensus
807 3133 993 3196 communis
1017 3133 1051 3194 in
1075 3132 1130 3195 illa
1153 3131 1321 3204 Fortuna3
1345 3127 1406 3192 sed

237 3251 270 3303 te
305 3239 435 3302 censeri
470 3237 570 3302 laude
605 3251 740 3302 tuorum
778 3244 847 3301 —.“
897 3239 992 3304 Idem
1033 3238 1192 3302 iudicium
1227 3236 1407 3301 ferendum

234 3357 287 3409 est
326 3344 370 3408 de
405 3345 529 3408 satirae
568 3344 619 3410 IX
658 3367 713 3408 vv.
750 3343 791 3406 45
828 3365 919 3430 sqq.:
958 3343 1103 3427 „Servus
1133 3345 1195 3407 erit
1219 3344 1329 3407 minus
1353 3342 1405 3405 ille

234 3452 347 3528 miser,
373 3452 429 3537 qui
465 3451 596 3516 foderit
631 3473 752 3537 agrum
790 3473 892 3536 quam
916 3451 1101 3515 dominum.
1148 3449 1219 3516 Sed
1253 3445 1290 3514 tu
1326 3469 1404 3514 sane

232 3571 388 3622 tenerum
413 3561 484 3623 -.“
533 3557 745 3622 Ribbeckius
770 3580 824 3621 vv.
849 3559 889 3621 48
915 3570 949 3621 et
974 3557 1015 3621 49
1040 3568 1076 3621 ut
1099 3558 1227 3622 alienos
1251 3580 1271 3620 a
1288 3569 1403 3622 tenore

234 3666 337 3730 totius
360 3665 426 3730 loci
450 3666 621 3729 eiciendos
646 3686 721 3729 esse
744 3676 853 3750 putat.
877 3663 948 3728 Sed
971 3675 1074 3749 poeta
1092 3664 1173 3749 quid
1188 3664 1239 3727 his
1252 3663 1406 3727 versibus

233 3772 389 3849 voluerit,
423 3772 531 3849 facile,
568 3773 625 3857 qui
660 3783 768 3836 totam
801 3772 1045 3835 sententiarum
1068 3772 1189 3837 seriem
1212 3771 1407 3834 accuratius

232 3880 488 3956 examinaverit,
512 3879 698 3964 intelleget.
744 3878 782 3941 ln
806 3878 894 3941 hanc
918 3879 1007 3942 enim
1030 3877 1233 3942 sententiam
1256 3877 1407 3963 loquitur

232 3999 354 4073 poeta:
397 3987 669 4068 „Infructuosum
708 4006 794 4070 opus
840 3984 967 4050 faciunt
996 3987 1038 4062 ei,
1061 3984 1144 4070 quid
1159 3982 1332 4048 dominum
1372 3995 1407 4046 et

233 4095 404 4160 dominam
428 4094 606 4167 inclinant3
630 4092 692 4158 sed
716 4105 753 4156 tu
776 4093 933 4156 nimirum
952 4093 1075 4157 —hoc
1098 4089 1405 4155 Naevolussecum

230 4202 306 4288 ipse
330 4201 611 4287 colloquitur-te
650 4200 829 4285 pulchrum
866 4220 939 4263 esse
976 4198 1133 4284 opinaris.
1182 4198 1255 4262 Vos
1289 4209 1405 4261 autem

229 4311 237 4320 '
313 4308 423 4405 liores
435 4309 528 4399 ⁹estis
553 4329 655 4395 quam
689 4320 726 4370 ut
762 4307 882 4372 cultori
916 4306 1122 4392 indulgeatis
1157 4307 1202 4387 (h.
1228 4326 1257 4368 e.
1281 4305 1320 4382 is,
1345 4304 1404 4391 qui
