3254 4864
721 412 944 474 ,20-

248 629 367 674 versus
389 609 588 695 gravissime
613 609 749 673 criticos
784 619 1007 683 vexaverunt,
1031 627 1072 672 ac
1096 607 1264 692 permulta
1299 607 1331 669 in
1366 607 1423 669 his

248 728 379 780 tentata
404 727 492 791 sunt,
515 727 553 778 ut
576 713 677 799 plane
702 727 883 799 corruptus
917 714 1013 778 locus
1046 725 1232 778 sanaretur.
1278 712 1420 797 Optime

249 844 307 887 eos
341 845 362 885 a
396 820 552 888 Vahleno
569 845 571 852 ·
587 821 786 885 emendatos
824 834 874 885 et=
893 821 1071 886 distinctos
1107 842 1180 884 esse
1214 822 1281 885 iam
1314 841 1424 905 supra,

250 929 469 994 ostendimus.
504 927 612 992 Poeta
625 930 713 992 enim
739 930 838 994 dicit:
872 927 948 1013 „ob
966 949 1041 992 eam
1056 928 1268 1013 potissimum
1281 947 1420 992 causam

249 1049 343 1102 recte
357 1035 473 1097 vivere
497 1033 614 1112 debes,
638 1047 676 1099 ut
688 1057 864 1100 servorum
888 1035 1020 1121 linguas
1052 1047 1271 1099 contemnere
1295 1035 1419 1118 possis,

249 1142 417 1227 Imprimis
442 1140 502 1205 tibi
526 1143 717 1207 cavendum
751 1145 826 1220 est,'
853 1162 896 1205 ne
943 1142 1074 1226 linguas
1112 1163 1287 1206 servorum
1326 1141 1424 1204 nihili
1469 1158 1475 1168 ·

247 1249 413 1314 aestimes.
461 1247 531 1313 Sed
565 1248 670 1312 multo
706 1249 874 1312 deteriore
908 1248 1108 1313 condicione
1132 1250 1159 1312 is
1177 1261 1244 1327 est,
1267 1250 1325 1334 qui
1349 1263 1425 1311 tur-

248 1357 338 1440 piter
372 1355 518 1419 vivendo
549 1356 656 1418 servis
679 1355 822 1418 irrisioni
846 1366 880 1418 et
904 1355 1114 1439 contemptui
1148 1356 1275 1436 erit.“*)
1322 1355 1424 1436 Quid

247 1461 385 1525 tandem
421 1474 483 1538 est,
518 1463 612 1547 quod
642 1463 707 1526 hac
732 1463 765 1524 in
788 1461 949 1524 orationis
974 1461 1241 1526 conformatione
1265 1462 1420 1527 ostendat

246 1581 306 1632 aut
339 1589 631 1652 supervacaneum
676 1590 749 1632 esse
785 1566 961 1632 videatur?
1008 1567 1177 1654 Equidem
1212 1591 1280 1634 non
1314 1570 1422 1634 modo

248 1677 382 1740 omnino
400 1677 486 1750 ,nihil
510 1674 695 1752 abundare,
719 1676 780 1740 sed
793 1677 894 1740 etiam
908 1676 1084 1741 scitissime
1096 1687 1235 1758 poetam
1258 1677 1423 1742 orationis

248 1784 359 1846 cursui
396 1783 495 1846 valde
531 1783 671 1846 incitato
705 1782 942 1846 adhortatione
978 1783 1175 1868 interposita
1207 1783 1425 1847 moderatum!

247 1911 321 1954 esse
344 1889 547 1973 affirmo.**)

352 1996 468 2081 Atque
503 1998 568 2060 hoc
602 1997 679 2061 loco
715 1998 816 2061 etiam
840 1997 883 2061 de
909 2019 949 2061 ea
971 1996 1145 2081 juvenalis
1169 1996 1325 2060 ubertate
1349 2018 1425 2061 ser·

247 2105 355 2167 monis
390 2105 509 2189 paucis
545 2103 643 2167 nobis
668 2104 911 2189 disputandum
947 2117 1008 2180 est,
1045 2124 1115 2187 qua·
1147 2124 1314 2188 persaepe
1338 2126 1358 2167 a
1381 2127 1420 2168 re

246 2211 422 2296 proposita
458 2210 619 2293 deflectit,
657 2225 694 2275 ut
718 2211 763 2274 ad
792 2233 868 2274 eam
893 2232 975 2286 rem,
1000 2210 1044 2274 de
1069 2232 1137 2295 qua
1159 2211 1280 2296 agitur,
1305 2233 1419 2296 pauca

248 2317 382 2380 adiciat.
451 2317 547 2380 Haec
583 2338 650 2380 uno
686 2317 757 2381 fere
797 2338 897 2381 versu
932 2317 1061 2380 inclusa
1092 2338 1154 2400 per
1201 2320 1422 2403 parenthesin

246 2423 343 2508 quasi
379 2423 595 2507 interponere
631 2424 727 2500 solet,
763 2424 855 2487 velut
892 2425 922 2486 in
957 2425 1081 2486 satirae
1117 2423 1131 2487 l
1165 2445 1220 2486 vv.
1246 2425 1286 2486 48
1313 2439 1345 2488 et
1374 2427 1408 2486 ol

245 2550 348 2594 voces
387 2530 459 2593 illas
500 2531 654 2610 „inanes‘⁴
695 2545 729 2594 et
756 2530 1014 2610 „Automedoffl
1067 2531 1240 2595 enuntiato
1291 2530 1415 2597 causali

245 2637 363 2701 addito
409 2638 600 2700 accuratius
636 2638 807 2721 explicare
844 2623 967 2700 studet.
1015 2635 1074 2700 Ad
1099 2638 1243 2702 eandem
1276 2659 1420 2704 consue·

245 2745 396 2809 tudinem
432 2744 604 2807 notionem
629 2743 775 2829 aliquam
808 2744 932 2808 certius
956 2743 1139 2808 definiendi
1162 2746 1314 2809 revocari
1339 2767 1420 2830 pos·

244 2864 321 2914 sunt
345 2851 378 2913 hi
402 2851 485 2914 loci:
511 2850 582 2914 Sat.
608 2850 653 2913 ΙΙΙ
679 2874 709 2914 v.
734 2853 809 2914 242.
834 2849 919 2914 Illud
944 2852 1156 2914 enuntiatum
1172 2873 1337 2937 „namque
1350 2857 1411 2898 —-“

244 2957 334 3020 nulla
358 2956 422 3020 alia
447 2977 549 3020 causa
574 2958 744 3021 adiectum
768 2977 842 3020 esse
868 2957 1000 3021 videtur
1023 2959 1086 3021 nisi
1110 2958 1155 3021 ad
1176 2957 1416 3042 explicandam

243 3085 363 3128 vocem
406 3064 588 3144 „dormiet“
632 3068 676 3144 (fv.
716 3066 804 3144 241).
846 3064 921 3129 Nec
960 3065 1057 3128 aliter
1096 3085 1149 3128 res
1188 3086 1224 3128 se
1255 3064 1358 3128 habet
1382 3066 1415 3128 in

244 3173 367 3235 satirae
403 3171 453 3234 lV
487 3193 540 3232 vv.
579 3173 618 3243 70
647 3192 732 3256 sqq„
769 3184 802 3235 et
838 3171 873 3234 X
906 3194 962 3236 vv.
987 3173 1051 3234 302
1076 3192 1162 3256 sqq,
1187 3171 1308 3257 quibus
1332 3173 1418 3236 locis

243 3291 345 3362 poeta
380 3299 443 3363 per
477 3279 777 3362 interrogationem
813 3279 971 3342 notiones
1011 3278 1180 3361 ‚,villicus“
1218 3282 1263 3360 (v.
1302 3280 1355 3359 77)
1380 3292 1414 3343 et

247 3372 379 3470 „largm
418 3385 464 3465 (v.
504 3384 604 3467 302).‚
645 3385 741 3469 quasi
784 3406 948 3448 excusare
995 3384 1120 3448 studet.
1156 3384 1247 3448 Tum
1294 3386 1413 3449 similia

244 3492 320 3555 vide
345 3492 377 3553 in
403 3490 526 3554 satirae
551 3489 616 3553 VII
639 3513 670 3553 v.
696 3491 777 3560 217:

309 3757 334 3820 *)
355 3757 397 3810 Sic
415 3757 552 3811 Vahlenus
571 3758 600 3824 (l.
620 3774 641 3811 c.
661 3775 715 3826 pag
733 3759 779 3822 21)
799 3758 953 3824 rectissime,
974 3759 1037 3825 qnid
1059 3759 1108 3812 sibi
1133 3759 1199 3813 velit
1226 3758 1294 3811 illud
1322 3760 1414 3826 „liberz

349 3862 402 3899 non
432 3847 484 3899 erit
512 3847 592 3913 illis‚“
634 3847 848 3900 circumscribere
876 3845 982 3900 videtur
1009 3864 1095 3915 neque
1113 3848 1189 3900 nobis
1208 3846 1414 3902 Schoenaichius

348 3935 377 4002 (l.
397 3951 418 3990 c.
438 3952 493 4004 pag
511 3937 559 4002 21)
588 3936 701 4004 probare
731 3944 829 4004 potest,
858 3936 903 4002 qui
931 3936 1008 3996 docet
1036 3945 1143 4004 poetam
1171 3937 1257 3990 dicere
1286 3939 1402 4007 voluisse

352 4025 444 4092 „dives
463 4031 600 4094 patronus,
621 4034 652 4080 ut
671 4032 787 4093 taceant,
808 4026 891 4079 servis
911 4027 1036 4080 maiorem
1056 4025 1184 4080 cotidiani
1203 4026 1290 4080 victus
1309 4034 1414 4094 partem

345 4119 375 4174 ,et
394 4115 453 4181 plus
472 4115 542 4168 aeris
561 4115 610 4168 dat
628 4131 707 4182 quam
727 4115 791 4168 dare
811 4114 916 4169 debet.“

294 4201 335 4266 **)
355 4202 500 4256 Ribbeckio
520 4203 548 4269 (l.
568 4221 590 4257 c.
609 4220 664 4273 pag
686 4203 755 4271 112),
776 4204 820 4270 qui
840 4214 946 4258 nostros
959 4220 1052 4257 versus
1079 4205 1205 4259 Juveuali
1234 4206 1336 4276 adimit,
1364 4208 1413 4260 hoc

348 4292 581 4346 contradicendum
601 4302 649 4359 est,
670 4293 739 4360 quod
758 4293 862 4346 omissis
882 4308 924 4346 vv.
946 4292 1087 4347 118--124
1106 4308 1146 4361 ea,
1174 4310 1242 4362 quae
1265 4306 1416 4363 sequuntur

348 4395 363 4432 a
382 4396 407 4434 v.
427 4380 487 4444 125,
506 4381 614 4434 minime
633 4396 692 4434 cum
712 4381 932 4434 antecedentibus
951 4381 1103 4436 cohaerent
