3254 4864
732 352 958 413 „12-

257 544 449 609 absolutam
473 545 671 630 reperimus,
697 557 734 609 ut
758 545 870 610 omnia
893 543 1000 608 verba
1024 545 1069 608 ad
1093 565 1168 609 eum
1193 559 1363 631 spectent,
1387 550 1434 614 ad

258 674 359 738 quem
383 653 486 716 satira
510 652 639 736 scripta
663 665 723 718 est.
769 651 903 716 Deinde
934 651 1144 738 aliquantum
1174 653 1313 718 notione
1345 655 1434 720 inter

257 780 293 822 se
331 759 468 823 differre
503 757 581 821 mihi
619 758 778 822 videntur
815 757 897 822 illud
924 760 1093 837 ,censeri“
1134 763 1175 838 (v.
1212 763 1244 840 2)
1282 773 1316 824 et
1349 761 1430 826 illud

260 867 367 948 „male
390 866 532 928 vivitur“
559 867 606 946 (ν.
636 865 680 944 9),
711 887 800 951 quae
824 865 963 950 quidem
988 864 1093 930 verba
1118 866 1190 929 sine
1214 866 1319 932 dubio
1343 870 1429 933 inter

257 995 293 1038 se
305 973 434 1057 opponi
446 985 550 1057 poeta
563 971 677 1037 voluit.
702 971 799 1036 Ouae
813 992 891 1036 cum
903 973 950 1036 ita
963 973 1038 1048 sint,
1064 971 1144 1036 Sch
1153 975 1270 1038 oenai
1280 975 1371 1038 chiu
1380 975 1427 1060 s*)

257 1080 336 1143 mihi
359 1099 500 1164 prorsus
523 1080 701 1164 persuasit,
726 1101 803 1144 cum
827 1080 860 1142 in
888 1079 981 1143 initio
1009 1080 1132 1142 satirae
1156 1093 1295 1164 poetam
1318 1083 1430 1167 ipsum

256 1185 407 1250 indicare
431 1185 618 1263 contendit,
642 1207 730 1270 quae
754 1184 817 1248 sibi
841 1184 1021 1249 tractanda
1034 1188 1260 1270 proposuerit.
1292 1187 1428 1252 Etenim

257 1315 308 1357 vv.
350 1292 422 1356 l-5
457 1293 602 1378 primum
638 1293 667 1355 ei
703 1290 833 1355 nobiles
868 1303 1039 1368 notantur,
1076 1293 1134 1378 qui
1163 1293 1235 1357 sola
1264 1295 1425 1380 maiorum

256 1400 356 1464 laude
398 1400 569 1477 ,censeri“
619 1399 736 1462 volunt
774 1419 884 1483 neque
924 1399 987 1483 ipsi
1038 1399 1225 1485 quidquam
1268 1401 1424 1466 memoria

256 1506 396 1593 dignum
433 1518 622 1592 gesserunt.
669 1505 702 1568 A
741 1527 796 1568 vv.
838 1505 915 1568 o—9
955 1517 1027 1569 tum
1056 1506 1086 1569 ei
1126 1521 1330 1591 carpuntur,
1369 1509 1426 1595 qui

256 1615 420 1677 maiorum
442 1613 550 1699 gloria
574 1612 681 1676 efflati
700 1613 793 1676 ¹vitiis
816 1611 1020 1698 flagitiisque
1052 1633 1089 1676 se
1114 1614 1295 1699 inquinant.
1343 1616 1429 1682 Inde

255 1743 275 1784 a
300 1743 353 1784 vv.
370 1721 488 1783 10-38
514 1720 699 1784 secundam
722 1719 959 1804 disputationis
975 1731 1109 1804 partem
1124 1721 1244 1801 („male
1257 1720 1428 1802 vivitur“)‚

255 1849 276 1890 a
299 1850 350 1890 vv.
376 1827 499 1896 39--70
521 1826 665 1910 primam
688 1837 792 1910 poeta
816 1827 1010 1890 accuratius
1039 1827 1188 1912 explicat
1212 1828 1425 1910 (,censeri“).

254 1934 345 1997 Tum
379 1934 423 1998 ad
459 1955 529 1997 rem
564 1933 671 2017 ipsam
701 1932 953 2018 transgredIens
984 1955 1004 1996 a
1036 1957 1065 1997 v.
1093 1935 1134 2004 70
1168 1934 1211 1998 de
1242 1935 1288 1998 eis
1310 1931 1422 2010 rebus,

254 2065 339 2130 quas
363 2041 426 2106 sibi
462 2065 513 2121 vv.
546 2042 629 2104 l1r5
666 2040 862 2105 tractandas
897 2043 1087 2125 proposuit,
1122 2042 1221 2106 latius
1259 2042 1423 2105 disserere

254 2151 378 2234 coepit.
425 2149 531 2227 Quod
555 2149 693 2232 quidem
717 2169 834 2211 verum
859 2168 934 2211 esse
959 2169 1035 2212 cum
1061 2150 1164 2212 multa
1188 2149 1343 2212 aliatum
1368 2147 1425 2211 illa

253 2255 358 2321 verba
397 2281 426 2322 v.
469 2257 508 2326 74
548 2268 600 2336 „te
636 2256 766 2319 censeri
801 2255 921 2320 laude“
960 2255 1096 2333 docent,
1131 2255 1254 2340 quibus
1288 2254 1425 2341 quidem

253 2361 366 2426 verbis
379 2384 543 2427 summam
557 2363 907 2448 quaestionis(v.l-2
924 2363 1227 2450 ,longo-censeri“)
1241 2363 1423 2448 significari

251 2481 391 2554 poetam
430 2469 575 2533 voluisse
613 2491 677 2554 per
716 2491 752 2533 se
789 2481 893 2554 patet.
942 2469 1063 2534 Altera
1101 2469 1306 2554 quaestionis
1344 2491 1425 2555 pars

253 2577 403 2662 incipere
434 2577 514 2640 mihi
538 2576 673 2640 videtur
696 2600 716 2640 a
742 2599 770 2642 v.
800 2579 871 2640 140.
919 2576 1009 2640 Nam
1034 2575 1230 2652 sententiae,
1256 2599 1345 2663 quae
1370 2600 1425 2641 vv.

256 2685 427 2748 lto-tto
453 2685 685 2762 continentur,
721 2685 857 2748 omnino
892 2685 924 2747 in
957 2696 1110 2748 tenorem
1138 2703 1301 2748 versuum
1333 2698 1429 2750 ante-

252 2793 444 2858 cedentium
479 2815 547 2857 non
578 2792 757 2878 quadrant,
794 2791 916 2878 quibus
952 2792 994 2855 de
1029 2790 1203 2875 provincia
1240 2793 1328 2854 male
1366 2793 1427 2854 ad-

147 2917 165 2940 '·
250 2904 436 2968 ministrata
482 2903 600 2988 agitur.
654 2899 843 2985 Propterea
880 2897 1190 2979 Vahlenus**)
1239 2897 1424 2987 rectissime

249 3008 432 3074 Ribbeckii
456 3009 642 3074 sententiae
667 3009 877 3083 adversatur,
901 3006 958 3091 qui
982 3027 1035 3069 vv.
1064 3003 1196 3088 1401141
1224 3018 1260 3068 ut
1292 3003 1426 3089 spurios

251 3128 367 3180 etextu
385 3115 556 3179 eiciendos
581 3136 655 3178 esse
668 3114 863 3184 arbitratur,
886 3112 977 3176 Nam
987 3122 1024 3175 ut
1037 3111 1116 3175 mihi
1129 3112 1266 3195 quidem
1279 3111 1425 3176 videtur.

249 3221 421 3307 Juvenalis
459 3221 622 3305 expositis
661 3220 762 3285 rebus
786 3223 843 3296 eis,
882 3219 1005 3305 quibus
1033 3221 1133 3284 homo
1169 3218 1288 3284 nobilis
1313 3219 1424 3283 'laudi

250 3330 386 3392 futurae
399 3326 575 3391 consulere
599 3329 716 3412 possit,
741 3328 813 3391 istis
836 3327 993 3391 versibus
1017 3326 1186 3411 suspectis
1210 3327 1255 3390 ad
1278 3328 1422 3392 alteram

251 3434 457 3522 quaestionis
491 3447 625 3519 partem
658 3436 786 3511 transit,
819 3456 922 3520 quam
957 3434 1035 3498 inde
1072 3455 1170 3497 avv.
1208 3435 1315 3498 6-35
1340 3433 1425 3498 indi-

251 3553 398 3608 caverat.
425 3577 463 3587 -—
735 3553 737 3558 '

357 3647 480 3712 Trahit
505 3669 628 3712 causae
652 3649 833 3712 similitudo
857 3649 902 3713 ad
926 3649 1049 3712 satirae
1066 3646 1102 3710 X
1125 3647 1259 3712 initium.
1300 3647 1422 3734 Aeque

250 3768 354 3842 atque
386 3757 419 3819 in
454 3756 557 3818 satira
588 3755 670 3820 VIII
704 3779 724 3820 a
756 3768 860 3841 poeta
894 3754 1054 3820 nonnulla
1090 3776 1134 3818 ex
1168 3756 1266 3820 huius
1300 3756 1425 3820 satirae

250 3875 452 3948 argumento
462 3861 815 3948 depromptaexordio
827 3861 1017 3944 (vul-54)
1027 3862 1425 3950 insertaesseintelleget‚

250 3971 277 4033 si
309 3970 382 4056 quis
405 3969 601 4033 accuratius
637 3969 880 4036 sententiarum
905 3988 1039 4033 cursum
1074 3970 1177 4034 totius
1202 3970 1325 4035 satirae
1348 3989 1436 4058 per--
1579 3981 1584 4023 J

1584 3989 1610 4051 pte

1583 4099 1590 4138 r
1602 4131 1610 4141 ,

311 4163 337 4227 *)
358 4163 375 4216 l.
398 4179 420 4217 c.
441 4179 503 4232 pag.
520 4165 563 4220 28.

294 4253 337 4318 **)
357 4254 376 4308 1.
395 4268 416 4306 c.
435 4270 498 4321 pag.
520 4257 560 4308 10.

397 4359 414 4396 n.
434 4359 497 4411 pag.
522 4345 553 4398 10
571 4359 629 4410 sqq.

1574 4203 1579 4239 Γ
1588 4215 1602 4264 Ii

1571 4287 1591 4376 {tr

1571 4425 1607 4490 'tn

1578 4558 1581 4609 I

1567 3967 1572 3985 t

1569 4281 1571 4290 r

1569 4333 1571 4345 r

1565 3989 1566 3998 t

1564 4214 1567 4224 t

1564 4548 1567 4564 ι
1600 4545 1609 4554 κ

1582 4590 1605 4630 'I
