3254 4864
711 385 930 446 -31.-

222 585 403 650 dominum
442 594 477 646 et
514 581 683 645 dominam
729 580 823 662 colit)
859 594 892 645 et
927 593 1041 644 vestro
1065 580 1196 656 morb0,
1221 581 1322 664 qu'em
1347 597 1402 641 me

224 692 365 778 putatiS,
402 688 588 776 quidquam
623 687 787 752 donetis“
838 686 894 752 Sic
931 687 1011 751 dum
1045 687 1148 751 modo
1184 699 1277 752 recte
1319 684 1403 749 illud

229 799 382 880 ,cultor“
425 795 471 860 ed
512 794 692 874 ,morbus“
724 795 809 880 quid
842 794 905 858 sibi
947 794 1061 868 velint,
1112 794 1400 878 interpretremur,

227 927 347 972 omnes
393 902 630 976 difficultates
654 902 825 966 tolluntur.
876 901 1011 983 Etenim
1047 902 1112 966 hoc
1148 922 1285 988 quoque
1324 901 1401 965 loco

229 1033 330 1076 versu
365 1009 405 1074 45
438 1010 547 1073 oratio
577 1009 609 1071 in
642 1009 833 1072 universam
858 1009 1060 1072 sententiam
1085 1008 1231 1072 evadere
1255 1008 1400 1085 videtur,

233 1121 285 1185 cui
319 1118 489 1183 contraria
524 1117 590 1187 illa.
626 1138 713 1201 quae
747 1139 802 1179 vv.
828 1116 868 1186 47
895 1137 969 1203 sqq.
995 1117 1198 1190 continetur,
1234 1117 1400 1181 sententia

229 1225 438 1292 commodius
462 1236 667 1309 opponatur.
714 1221 787 1288 Sed
809 1224 927 1288 eiectis
950 1245 1005 1286 vv.
1031 1224 1071 1285 48
1097 1235 1130 1286 et
1155 1223 1196 1287 49
1220 1222 1275 1286 illa
1293 1243 1403 1308 oppo-

227 1335 316 1410 sitio,
341 1353 430 1418 quae
454 1329 673 1414 hauddubie
698 1330 810 1395 existit
834 1331 921 1394 inter
945 1338 1026 1407 ‚‚tu“
1051 1342 1085 1393 et
1126 1337 1231 1406 ,‚vos“
1261 1350 1400 1415 prorsus

229 1440 462 1525 exstinguitur.
509 1437 658 1501 Proinde
694 1434 908 1501 Ribbeckius
943 1437 1062 1500 iniuria
1096 1437 1169 1500 illos
1193 1458 1311 1500 versus
1336 1439 1404 1502 eie-

232 1548 315 1612 cisse
341 1546 419 1609 mihi
444 1544 587 1608 videtur.
634 1543 689 1609 Ac
713 1544 791 1608 vide
818 1565 957 1628 compar
982 1543 1177 1628 exemplum
1202 1544 1236 1607 in
1274 1546 1400 1608 satirae

232 1653 266 1717 X
289 1677 320 1716 v.
350 1654 421 1716 103.
448 1652 541 1715 Illam
567 1672 730 1715 summam
755 1651 955 1714 sententiam
981 1650 1098 1736 ,Ergo
1115 1651 1196 1738 quid
1213 1651 1403 1736 optandum

152 1766 155 1771 ’
231 1765 325 1842 toret,
358 1761 534 1847 ignorasse
563 1759 682 1821 fateris
714 1756 876 1822 Seianum
900 1759 975 1835 -,“
1001 1779 1104 1844 quam
1127 1771 1230 1843 poeta
1253 1758 1332 1821 inde
1355 1757 1399 1822 ab

228 1868 323 1932 initio
350 1867 474 1930 satirae
497 1865 558 1929 sibi
583 1863 876 1949 comprobandam
899 1867 1090 1951 proposuit,
1114 1867 1180 1930 hoc
1204 1865 1280 1930 loco
1311 1865 1401 1928 nulla

232 1975 299 2038 alia
336 1993 440 2037 causa
473 1972 601 2036 referre
636 1972 780 2052 videtur,
821 1974 882 2036 nisi
922 1985 958 2036 ut
1009 1973 1125 2035 melius
1153 1973 1219 2036 alia
1243 1972 1401 2056 exempla

234 2080 360 2145 addere
382 2080 499 2164 possit.
1238 2158 1241 2164 Ι

339 2185 394 2249 Ad
429 2199 618 2250 extremam
652 2186 887 2270 quaestionem
921 2199 1075 2250 nostram
1107 2187 1198 2251 aliud
1237 2187 1401 2274 quiddam

235 2293 377 2357 breviter
398 2294 629 2378 perstringere
653 2293 818 2368 volumus,
842 2293 934 2378 quod
958 2293 1002 2356 ad
1016 2294 1104 2357 hanc
1122 2294 1400 2358 consuetudinem

233 2401 505 2486 cognoscendam
547 2400 675 2485 aliquid
719 2399 834 2464 valere
879 2390 1048 2485 putamus.
1096 2399 1208 2486 Saepe
1232 2403 1321 2465 enim
1343 2402 1405 2486 Ju-

228 2508 352 2574 venalis
385 2510 476 2572 hunc
511 2508 544 2570 in
581 2507 718 2572 modum
753 2509 984 2594 argumentari
1012 2508 1109 2585 solet,
1133 2509 1226 2572 utin
1250 2521 1402 2573 extrema

226 2615 454 2700 disputatione
478 2613 523 2678 ad
547 2613 637 2677 idem
664 2613 751 2677 unde
776 2635 872 2679 orsus
892 2626 952 2690 est,
976 2636 1039 2698 per
1054 2636 1198 2700 pravum
1223 2615 1402 2679 circuitum

226 2743 329 2808 quem
378 2722 584 2785 vocaverim*
621 2721 863 2784 sententiarum
913 2721 1041 2784 redeat.
1108 2721 1216 2785 Huius
1265 2721 1401 2786 dicendi

225 2829 386 2894 circuitus
410 2828 604 2913 exemplum
630 2827 866 2914 indagavimus
890 2828 923 2890 in
947 2829 1072 2891 satirae
1095 2829 1110 2894 I
1133 2851 1187 2891 vv.
1222 2829 1259 2901 77
1291 2843 1325 2892 et
1351 2829 1401 2911 78,

175 2979 177 2983 ,
225 2933 525 3013 Teuffelius*)
559 2934 698 3021 quidem
730 2935 763 2998 in
796 2957 849 2999 vv.
881 2934 1009 3005 73-70
1039 2948 1072 2998 et
1103 2935 1231 3008 77-78
1257 2938 1401 3023 vestigia

227 3041 397 3127 quaedam
428 3041 575 3127 dupHcis
599 3030 777 3106 satirarum
811 3044 1019 3108 recensionis
1050 3057 1184 3108 exstare
1208 3045 1400 3111 arbitratur.

226 3148 299 3213 Iam
324 3147 735 3231 Schoenaichius**)
760 3150 848 3213 hanc
872 3151 1074 3215 sententiam
1097 3152 1199 3216 certis
1220 3163 1258 3216 ut
1274 3154 1396 3237 opinor

225 3255 436 3342 argumentis
471 3256 644 3319 refutavit.
691 3257 856 3320 Attamen
891 3256 1003 3321 denuo
1027 3259 1119 3322 hunc
1142 3259 1251 3322 locum
1276 3260 1308 3324 in
1333 3259 1402 3324 dis-

228 3362 443 3446 putationem
492 3382 675 3446 vocamus,
723 3363 816 3448 quod
859 3364 943 3428 illius
981 3365 1043 3427 viri
1081 3365 1175 3430 docti
1214 3366 1402 3430 sententiae

224 3489 366 3554 prorsus
381 3469 534 3533 assentiri
548 3490 692 3556 nequeo.
726 3469 844 3555 Atque
867 3472 1012 3555 primum
1035 3470 1132 3536 nobis
1157 3472 1255 3538 valde
1280 3474 1399 3537 mirum

224 3575 372 3652 videtur,
407 3576 500 3661 quod
535 3575 726 3641 Teuffelius
761 3577 924 3641 alterutra
956 3578 1101 3642 lectione
1126 3592 1262 3644 servata
1285 3593 1401 3644 tamen

230 3681 378 3768 singulos
427 3705 544 3747 versus
580 3705 687 3768 usque
723 3706 765 3749 eo
786 3706 855 3749 non
893 3686 926 3748 in
966 3687 1208 3750 sententiarum
1247 3681 1399 3752 teno'rem

235 3789 400 3873 quadrare
439 3791 578 3868 iudicat,
618 3804 654 3854 ut
692 3813 756 3856 nec
797 3793 912 3879 priore
941 3814 1100 3857 versuum
1125 3794 1211 3858 serie
1236 3806 1308 3858 tota
1333 3795 1401 3858 dis-

228 3897 360 3979 putatio
383 3909 464 3983 apte
489 3898 668 3975 clauditur,
691 3920 755 3964 nec
779 3900 886 3964 altera
909 3900 953 3964 ad
977 3900 1221 3985 praecedentia
1243 3902 1327 3966 scite
1340 3902 1401 3966 ad·

225 4015 394 4069 nectatur.
452 4005 776 4089 Circumspiciamus
822 4027 911 4071 nunc
957 4006 1132 4092 paulisper
1174 4009 1297 4072 satirae
1333 4009 1402 4074 dis-

225 4131 286 4139 *-

288 4179 317 4249 *)
337 4182 422 4236 Rhen.
443 4183 512 4236 Mus.
532 4183 583 4236 XX
602 4198 664 4250 pag.
687 4185 745 4237 158.

274 4269 316 4338 **)
336 4270 353 4323 l.
374 4286 479 4339 apag.
502 4273 544 4328 14.
