3254 4864
667 472 889 534 .-13-

189 654 355 738 spexerit.
394 653 448 717 Ac
464 651 609 736 primurn
627 650 763 736 quidem
779 660 881 734 poeta
905 649 1024 733 paucis
1038 648 1152 713 verbis
1164 651 1233 731 (vv.
1246 652 1369 732 1-22)

190 759 417 836 demonstrat,
442 779 527 845 quas
550 757 763 842 potissimum
780 777 833 820 res
858 754 921 820 sibi
933 756 1119 820 narrandas
1133 758 1367 840 proposuerit:

189 867 365 952 Perpauci
387 866 540 929 homines
563 885 646 928 vera
663 876 696 928 et
720 875 862 928 externa
885 863 976 927 bona
996 863 1190 927 discernere
1214 879 1367 948 possunt.

190 975 285 1039 Nam
314 973 487 1054 „nocitura
513 983 607 1058 toga,
632 973 789 1035 nocitura
813 983 977 1056 petuntur
1012 971 1159 1035 militiat.
1206 971 1364 1058 Plerique

189 1082 296 1145 nimia
311 1080 476 1165 pecuniae
502 1099 584 1143 cura
607 1078 872 1164 strangulantur.
920 1077 976 1142 Ab
1001 1078 1124 1142 haere
1148 1080 1370 1162 proficiscens

191 1189 318 1254 eodem
348 1187 449 1251 modo
482 1208 549 1272 quo
583 1187 615 1249 in
645 1187 749 1250 satira
780 1185 861 1249 VIII
891 1198 995 1271 poeta
1024 1186 1102 1249 inde
1133 1208 1153 1249 a
1181 1208 1213 1248 v,
1240 1189 1281 1250 23
1312 1210 1369 1252 res
1470 1261 1476 1278 θ

190 1295 386 1382 propositas
410 1293 513 1378 paulo
537 1293 635 1356 latius
660 1293 809 1377 exponit.
860 1292 1011 1356 Exordio
1040 1306 1155 1356 autem
1188 1297 1370 1367 terminato

192 1414 333 1488 poetam
358 1423 413 1463 vv.
440 1399 480 1463 54
506 1413 540 1464 et
565 1399 605 1464 55
630 1422 650 1464 a
675 1399 882 1464 diverticulis
906 1399 951 1462 ad
977 1421 1052 1463 eam
1076 1401 1165 1464 unde
1189 1423 1286 1466 orsus
1317 1416 1370 1466 est

193 1509 394 1574 sententiam
435 1507 525 1571 haud
569 1508 683 1592 inepte
722 1507 833 1571 redire
871 1506 1142 1587 Vahlenus*l
1181 1510 1368 1574 rectissime

197 1617 320 1680 docuit.
368 1613 571 1678 Natura-otis
595 1615 768 1678 hominum
791 1613 945 1678 inanibus
959 1616 1121 1699 expositis
1134 1618 1370 1701 quaestionem

205 1723 323 1788 claudit
366 1723 532 1786 sententia
576 1722 750 1785 universa:
801 1721 915 1806 ,Ergo
963 1743 1178 1806 supervacua
1217 1737 1276 1787 aut
1314 1725 1371 1788 vel

202 1830 390 1916 perniciosa
429 1835 629 1914 petuntur“,
668 1849 735 1913 qua
776 1829 913 1913 quidem
943 1827 945 1832 ’
960 1841 1064 1913 poeta
1112 1830 1157 1894 ad
1202 1853 1368 1895 summam

197 1937 416 2022 diputationis
450 1941 517 2018 (vv.
559 1937 678 2014 1--12)
715 1936 861 2020 respicit.
908 1935 991 2000 Inde
1027 1959 1047 2000 a
1083 1961 1113 2000 ν.
1152 1939 1192 2001 50
1228 1939 1272 2003 ad
1297 1961 1369 2002 rem

192 2046 304 2129 ipsam
330 2044 501 2128 copiosius
525 2043 741 2107 tractandam
764 2044 886 2129 pergit.
922 2043 992 2107 Sed
1016 2045 1093 2107 inv.
1109 2045 1149 2107 50
1163 2046 1369 2130 explicando

187 2152 349 2236 plerique
394 2151 596 2235 interpretes
634 2151 783 2214 haerent.
841 2150 1014 2214 Vahlenus
1050 2152 1187 2236 quidem
1234 2153 1371 2216 reiectis

188 2257 488 2322 emendationibus
526 2256 738 2320 Lachmanni
786 2270 819 2320 et
864 2256 1031 2343 Madvigii
1077 2256 1276 2341 Juvenalem
1323 2260 1370 2323 ita
1411 2307 1414 2314 .

185 2366 369 2450 scripsisse
394 2365 531 2429 conicit:

287 2491 402 2576 ,Ergo
426 2511 641 2575 supervacua
664 2504 723 2554 aut
748 2488 836 2575 [sibi]
861 2491 1054 2574 perniciosa
1078 2503 1199 2575 petunt
1224 2512 1287 2554 nec
1317 2567 1320 2576 Ι

281 2597 433 2682 Propter
458 2618 544 2683 quae
572 2597 620 2662 fas
645 2611 696 2661 est
720 2619 832 2684 genua
857 2598 1010 2661 incerare
1035 2597 1207 2661 deorum.“

303 2721 374 2786 Sed
413 2723 494 2786 illud
533 2734 676 2807 „petunt
714 2727 811 2799 nec“‚
851 2723 944 2808 quod
983 2746 1002 2786 a
1041 2725 1188 2809 genuina
1225 2725 1371 2788 lectione

196 2835 414 2917 „petuntur“,
450 2852 552 2914 quarn
577 2843 610 2894 et
637 2832 748 2895 codex
783 2829 991 2894 Pithoeanus
1028 2843 1061 2893 et
1096 2831 1219 2895 lemma
1252 2833 1370 2896 scholii

140 2967 143 2974 ¹
192 2938 379 3014 exhibent,
415 2938 547 3023 longius
585 2939 749 3014 discedit,
796 2939 875 3000 mihi
898 2936 1078 3001 Vahlenus
1124 2960 1191 3002 non
1231 2960 1371 3023 prorsus

190 3045 367 3132 probavit.
428 3043 524 3131 Ergo
561 3046 889 3129 circumspiciamus,
931 3046 1104 3131 quomodo
1143 3048 1176 3109 hi
1202 3047 1370 3124 versiculi,

190 3154 252 3238 qui
304 3153 458 3216 homines
506 3152 641 3216 criticos
687 3152 981 3215 vehementissime
1020 3166 1246 3230 vexaverunt,
1294 3176 1371 3218 curn

191 3260 415 3345 sequentium
439 3253 613 3323 sententiis
638 3259 854 3322 cohaereant.
902 3259 1052 3323 Primum
1067 3283 1150 3345 opes
1176 3273 1209 3324 et
1225 3263 1372 3324 honores

189 3378 365 3452 appetere
400 3367 629 3452 perniciosum
662 3387 735 3429 esse
759 3380 862 3450 poeta
886 3366 999 3431 Seiani
1031 3369 1188 3452 exemplo
1219 3368 1370 3431 illustrat.

191 3473 278 3537 Non
335 3475 443 3536 mInus
496 3474 724 3559 eloquentiam
759 3475 922 3558 perniciei
975 3496 1049 3539 esse
1106 3475 1282 3539 Ciceronis
1338 3487 1373 3538 et

191 3580 437 3644 Demosthenis
461 3581 550 3644 vitae
576 3581 671 3644 exitu·
692 3580 954 3645 demonstratur.
1002 3582 1135 3646 Eadem
1168 3603 1270 3646 causa
1299 3581 1372 3644 laus
1477 3639 1479 3644 .
1561 3623 1563 3628 -

191 3687 334 3764 bellica,
357 3687 427 3750 vita
450 3687 563 3773 longa,
587 3687 806 3772 pulchritudo
829 3708 895 3749 non
920 3689 1117 3772 appetenda
1146 3700 1233 3752 sunt.
1281 3687 1372 3750 Tum

191 3794 325 3878 repetit
348 3806 452 3878 poeta
476 3815 643 3857 summam
668 3794 850 3878 superioris
874 3794 1113 3878 disputationis
1138 3817 1168 3858 v.
1188 3797 1267 3858 ato:
1296 3795 1371 3875 „Nil

194 3921 283 3986 ergo
308 3899 475 3984 optabunt
487 3899 679 3964 homines?“
717 3900 872 3964 Eandem
889 3901 963 3964 fere
988 3902 1190 3965 sententiam
1214 3903 1248 3964 in
1272 3926 1303 3966 v.
1329 3901 1370 3964 55

198 4018 366 4092 „propter
389 4029 477 4092 quae
501 4013 563 4053 -“
590 4008 699 4071 inesse
723 4007 825 4071 facile
850 4008 1078 4092 cognoscitur.
1125 4008 1262 4071 Etenim
1280 4032 1310 4072 v.
1329 4009 1369 4071 54

196 4135 307 4201 ,ergo
335 4152 371 4160 κ
397 4118 577 4198 petuntur“
616 4113 825 4200 digressione
858 4113 1015 4178 absoluta
1042 4126 1156 4199 poeta,
1192 4126 1230 4177 ut
1254 4115 1372 4188 melius

187 4223 240 4288 ad
271 4243 344 4287 rem
367 4223 579 4307 propositam
607 4221 770 4307 progredi
792 4221 910 4306 possit,
936 4242 1101 4284 suminam
1130 4222 1359 4306 disputationis

185 4330 338 4417 colligit.
386 4329 504 4415 Itaque
530 4329 557 4393 si
580 4342 658 4414 post
682 4352 714 4392 v.
740 4328 780 4392 55
807 4330 1038 4414 interrogandi
1061 4329 1222 4394 indicium
1247 4331 1355 4394 iacies

187 4451 364 4526 „propter
402 4458 491 4524 quae
531 4437 580 4502 fas
618 4449 669 4501 est
710 4475 749 4484 -
797 4435 999 4513 deorum?“,
1047 4449 1126 4521 apte
1175 4436 1355 4523 colligatan

181 4550 410 4564 ...-.......-—..—

256 4587 283 4654 *)
303 4584 324 4638 1.
346 4598 369 4635 ο.
389 4596 452 4648 pag.
474 4581 516 4635 13.
