3254 4864
742 385 965 446 ,10-

265 601 321 642 vv.
362 581 418 643 161
457 601 532 666 sqq.
558 589 806 656 enumerantur,
831 581 864 644 in
890 580 1044 645 versibus
1072 582 1328 667 insequentibus
1362 607 1440 671 per-

265 685 400 752 lustrari
436 688 620 752 rectissime
660 687 847 752 contendit.
894 686 965 753 Sed
996 690 1060 754 hoc
1100 690 1133 752 in
1171 712 1239 754 uno
1274 691 1318 755 ab
1354 692 1440 756 illius

266 796 434 859 sententia
457 793 671 868 discedimus,
697 795 789 878 quod
813 795 886 859 illas
911 817 965 860 res
990 819 1044 860 vv.
1073 798 1129 859 161
1145 817 1219 882 sqq.
1244 799 1440 890 propositas

266 923 375 986 uspue
409 900 454 963 ad
489 921 520 962 v,
546 899 611 960 200
646 902 786 964 tractari
823 902 1036 967 arbitramur.
1083 903 1173 966 Nam
1202 904 1245 968 de
1268 906 1437 990 gravitate

267 1009 285 1070 i.
302 1030 331 1071 e.
357 1027 486 1070 morum
516 1006 720 1088 castitateq,
752 1031 840 1095 quae
876 1010 1038 1096 superbia
1067 1011 1174 1075 vitiari
1205 1011 1302 1087 solet,
1335 1025 1439 1097 poeta

266 1114 348 1179 dicit
371 1111 449 1175 inde
482 1133 502 1174 a
534 1135 565 1175 v.
605 1115 664 1184 177
691 1137 799 1201 usque
824 1117 869 1179 ad
893 1140 925 1181 v.
954 1119 1024 1184 183.
1049 1118 1140 1182 Turn
1163 1119 1206 1182 de
1231 1116 1338 1182 forma
1362 1120 1382 1182 i.
1408 1139 1437 1182 e.

267 1218 517 1306 pulchritudine
542 1219 620 1283 inde
645 1243 665 1283 a
690 1245 720 1284 v.
751 1224 809 1284 184
836 1244 945 1308 usque
969 1225 1013 1293 ad
1039 1248 1069 1288 v.
1099 1227 1163 1288 200
1195 1224 1299 1289 verba
1323 1225 1436 1288 facere

265 1327 388 1412 pergit,
428 1327 521 1412 quod
570 1326 708 1412 quidem
747 1340 840 1389 recte
879 1348 899 1388 a
938 1328 1034 1390 nobis
1072 1333 1183 1396 conici
1222 1355 1265 1396 ex
1302 1356 1334 1396 v.
1377 1332 1435 1394 186

263 1434 474 1509 „formosam
498 1434 560 1496 nisi
583 1454 672 1519 quae
699 1440 761 1478 -“
786 1432 920 1495 elucere
946 1432 1090 1494 videtur.
1382 1415 1385 1422 ⁴

372 1539 442 1604 Sed
466 1541 566 1604 etiam
591 1542 624 1603 in
653 1541 700 1603 eis
732 1540 852 1614 satiris,
878 1557 1022 1622 quarum
1045 1537 1078 1598 in
1104 1544 1245 1606 exordio
1277 1546 1440 1611 eiusmodi

263 1647 514 1731 propositiones
539 1669 605 1710 non
630 1646 843 1719 adhibentur,
867 1656 980 1707 tamen
1005 1655 1099 1707 recta
1122 1643 1177 1707 illa
1201 1668 1304 1730 quam
1338 1674 1441 1736 supra

266 1752 409 1816 diximus
440 1755 731 1838 interpretatione,
756 1752 836 1838 quid
861 1751 1075 1836 potissimum
1099 1763 1202 1836 poeta
1231 1761 1440 1837 spectaverit

263 1861 430 1945 perfacile
467 1861 630 1946 cognosci
665 1872 789 1945 potest.
840 1859 1001 1924 Occurrit
1027 1858 1309 1945 perlustrantibus
1339 1861 1438 1924 nobis

264 1968 369 2031 satira
383 1967 442 2044 Vl,
456 1969 487 2030 in
501 1988 579 2052 qua,
596 1980 633 2030 ut
649 1966 863 2031 Ribbeckius
885 1968 1073 2031 rectissime
1090 1967 1309 2043 demonstrat,
1327 1967 1438 2030 omnia

266 2077 332 2139 hoc
345 2097 448 2139 unum
471 2088 628 2160 spectare
645 2075 812 2151 videntur,
830 2087 866 2138 ut
883 2075 1011 2138 amicus
1027 2074 1072 2138 ab
1085 2075 1222 2138 ineundi
1238 2074 1439 2138 matrimonii

265 2183 406 2245 consilio
453 2183 678 2247 deterreatur.
724 2181 816 2246 Dicit
853 2183 941 2245 enim
969 2182 1143 2266 Juvenalis
1171 2181 1440 2265 „Circumspice,

268 2290 313 2351 mi
336 2287 510 2364 Postume,
536 2289 690 2352 mulieres
710 2287 874 2372 plebeias,
887 2290 1059 2373 patricias,
1078 2290 1159 2374 quin
1175 2290 1279 2352 etiam
1300 2309 1441 2351 uxorem

264 2396 527 2479 imperatoriam,
564 2416 680 2458 omnes
717 2396 781 2457 hae
819 2395 971 2480 perfidae
1007 2397 1039 2458 in
1064 2396 1201 2458 maritos
1226 2407 1314 2457 sunt.
1362 2392 1441 2456 Sive

268 2503 451 2580 formosae,
491 2502 670 2579 fecundae,
713 2503 783 2566 sive
821 2516 936 2567 castae
975 2515 1063 2579 sunt,
1102 2514 1215 2565 tamen
1256 2500 1441 2566 minoribus

265 2610 401 2694 ineptiis
425 2611 553 2674 invisae
578 2610 706 2673 maritis
729 2610 818 2674 fient.
866 2607 961 2695 Ergo
985 2610 1145 2695 quoniam
1169 2608 1318 2693 puellam
1350 2607 1443 2670 haud

265 2716 369 2780 dubie
404 2739 472 2780 non
507 2731 656 2781 amatam
690 2718 723 2779 in
756 2717 1005 2781 matrimonium
1041 2717 1202 2780 ducturus
1227 2737 1274 2792 es,
1299 2737 1340 2778 ea
1363 2703 1461 2778 mox'

269 2823 329 2886 tibi
354 2822 544 2909 imperabit,
569 2825 722 2909 perfidia,
747 2825 844 2900 vitiis,
869 2825 1071 2909 ineptiisque
1096 2836 1129 2887 te
1155 2822 1304 2886 vexabit.
1345 2822 1442 2884 Haec

268 2931 343 2994 iere
379 2953 509 2995 summa
546 2933 753 3018 quaestionis
789 2945 851 3007 est,
886 2953 954 3015 qua
978 2932 1100 3016 prioris
1123 2931 1230 3016 partis
1255 2928 1442 2992 sententiae

266 3039 498 3112 continentum
529 3040 596 3102 huc
629 3039 740 3101 omnia
779 3039 979 3101 narrationis
1018 3036 1170 3100 membra
1206 3035 1358 3098 tendunt.
1405 3033 1443 3096 ln

269 3145 377 3208 altera
412 3157 525 3208 autem
559 3158 656 3229 parte
693 3145 784 3227 (inde
820 3167 840 3207 a
876 3167 906 3209 v.
943 3145 1021 3227 286)
1065 3164 1195 3206 summa
1236 3141 1442 3226 quaestionis

266 3251 416 3315 nonnihil
451 3252 614 3315 recedere
649 3251 794 3314 videtur.
841 3251 978 3314 Etenim
1013 3250 1068 3313 hic
1104 3250 1137 3312 in
1173 3249 1365 3311 universum
1400 3247 1442 3310 de

266 3356 428 3422 divitibus
462 3358 625 3422 uxoribus
660 3359 781 3443 agitur.
829 3357 1003 3420 Interdum
1041 3369 1154 3440 poeta,
1191 3355 1287 3440 quasi
1332 3356 1363 3418 ei
1410 3355 1444 3417 in

269 3477 418 3528 mentem
449 3465 590 3542 venerit,
627 3486 662 3527 re
690 3485 772 3527 vera
806 3485 883 3528 cum
907 3464 1016 3525 amico
1049 3483 1121 3524 rem
1145 3462 1212 3548 agi.
1237 3483 1273 3526 se
1298 3463 1343 3526 ad
1367 3484 1443 3526 eum

267 3573 379 3657 ipsum
413 3571 590 3634 convertit.
638 3571 714 3634 Huc
745 3571 872 3634 referas
901 3581 1062 3632 nontam
1090 3569 1171 3632 illud
1213 3582 1271 3647 „tu
1296 3568 1444 3633 calleas“

267 3679 315 3762 (v.
340 3678 431 3758 312),
461 3677 555 3762 quod
591 3679 728 3764 quidem
759 3679 792 3740 in
825 3677 1017 3740 universum
1046 3676 1174 3740 dictum
1205 3677 1286 3739 mihi
1310 3675 1444 3738 videtur

267 3805 354 3868 esse,
391 3805 493 3869 quam
524 3785 606 3849 illud
651 3783 733 3862 „tibi
770 3786 885 3847 iuncta
920 3783 1111 3847 recumbit“
1147 3785 1193 3868 (v.
1233 3783 1319 3862 448).
1373 3781 1444 3846 Sed

271 3891 470 3976 Juvenalem
493 3904 636 3977 propter
659 3893 748 3956 hanc
773 3892 933 3976 exiguam
973 3891 1199 3976 componendi
1227 3902 1337 3954 artem
1369 3911 1442 3954 esse

258 3999 533 4083 ¹vituperandum
558 4000 636 4063 licet
660 3998 919 4063 concedendurn
935 3998 988 4076 sit,
1014 3997 1183 4061 tamenW
1196 4018 1215 4060 e
1229 3998 1239 4059 i
1252 3997 1305 4060 dn
1318 4019 1362 4060 61
1373 3997 1442 4078 ο**)

265 4105 520 4169 adversandum
559 4118 620 4184 est,
660 4107 717 4192 qui
752 4128 831 4171 cum
869 4107 934 4168 hac
973 4127 1016 4169 ex
1055 4125 1092 4168 re
1130 4116 1201 4167 turn
1241 4126 1285 4167 ex
1320 4105 1444 4168 satirae

333 4267 360 4329 ··“)
381 4268 472 4320 confer
491 4268 653 4320 scholiastae
671 4267 875 4319 adnotationem
896 4266 929 4318 ad
948 4266 1018 4318 huno
1037 4281 1152 4319 versum.

303 4338 346 4402 **)
365 4339 429 4393 edit.
448 4339 532 4406 praef.
551 4356 576 4407 p.
597 4341 639 4393 12.
