3254 4864
697 397 920 460 „32-

215 593 428 678 positionem.
475 592 647 678 Juvenalis
671 594 704 656 iu
728 593 843 679 priore
867 594 990 657 satirae
1015 607 1113 679 parte
1138 597 1206 678 (vv.
1232 598 1393 679 21-48),

216 699 337 787 quibus
360 700 571 786 potissimum
597 701 707 764 causis
724 700 769 765 ad
792 700 914 764 satiras
938 699 1137 766 scribendas
1158 703 1319 788 impulsus
1335 705 1391 782 sit,

215 808 373 872 ostendit.
421 807 517 871 Haec
551 807 674 872 satirae
709 827 790 892 pars
823 807 924 872 tacite
960 808 993 870 in
1029 809 1177 894 quinque
1201 811 1389 894 particulas

213 915 286 978 sine
309 916 377 980 ulla
401 927 474 978 arte
497 915 584 980 inter
597 935 633 979 se
658 935 808 979 conexas
832 913 991 992 distribui,
1010 927 1135 1000 potest,
1159 915 1284 1001 quibus
1308 919 1389 982 vitia

214 1023 425 1109 sceleraque,
456 1044 543 1108 quae
573 1035 645 1086 tum
667 1021 872 1107 pervulgata
897 1033 1004 1096 erant,
1029 1022 1249 1108 castigantur.
1297 1025 1388 1089 Turn

215 1129 294 1194 inde
318 1151 339 1194 a
366 1152 395 1193 v.
421 1131 462 1192 63
486 1150 549 1214 per
572 1129 765 1216 graviorem
788 1127 948 1192 transitus
973 1127 1155 1192 formulam
1178 1150 1267 1193 nova
1284 1133 1389 1196 series

215 1236 371 1300 similium
394 1236 562 1301 scelerum
587 1236 788 1301 conectitur.
835 1234 966 1298 Versus
992 1235 1032 1304 73
1050 1273 1066 1280 -
1082 1235 1122 1304 76
1146 1248 1260 1299 autem
1292 1259 1390 1303 more

215 1344 384 1408 rhetorico
408 1344 575 1408 interiecti
600 1343 761 1406 orationis
785 1342 1047 1406 concinnitatem
1063 1342 1162 1406 valde
1186 1343 1388 1428 perturbare

216 1450 518 1536 videnturusque,
542 1463 579 1515 ut
603 1449 870 1515 Schoenaichius
894 1448 1089 1525 arbitratur,
1131 1471 1203 1514 rem
1238 1453 1390 1538 generali

217 1559 383 1622 sententia
417 1558 463 1622 ad
508 1558 608 1622 finem
643 1556 846 1641 perducunt.
901 1555 1057 1641 Denique
1089 1579 1143 1619 vv.
1171 1559 1300 1628 77--78
1326 1581 1387 1644 per

216 1665 489 1750 interrogationis
503 1663 644 1727 formam
657 1663 702 1727 ad
715 1664 938 1727 intermissam
947 1663 1102 1726 vitiorum
1120 1662 1386 1750 descriptionem

216 1787 321 1859 poeta
353 1774 548 1838 revertitur:
574 1773 711 1852 „Quem
743 1775 870 1858 patitur
902 1773 1048 1836 dormire
1072 1795 1175 1838 nurus
1211 1789 1387 1861 corruptor

216 1903 341 1946 avarae
356 1880 470 1958 Quem
486 1902 632 1964 sponsae
645 1895 761 1967 turpes
775 1893 808 1944 et
820 1893 1054 1965 praetextatus
1064 1882 1259 1966 adulter.“*)
1274 1883 1380 1949 Credo

216 1989 395 2073 diligenter
411 1999 608 2073 attenteque
617 1988 770 2074 legentes
779 1989 844 2052 hoc
857 1988 934 2052 loco
946 1999 1024 2072 post
1036 1988 1127 2053 illam
1142 1990 1382 2077 digressionem

216 2119 236 2160 a
260 2109 364 2181 poeta
399 2096 591 2158 universam
622 2093 771 2180 aliquam
795 2095 996 2158 sententiam
1021 2109 1278 2179 exspectaturos
1303 2119 1386 2174 esse,

215 2225 283 2289 qua
307 2203 425 2267 melius
449 2202 494 2266 ad
518 2222 682 2265 summam
695 2202 901 2287 quaestionis
921 2216 1135 2267 revocentur.
1174 2203 1315 2268 Praeter
1328 2227 1387 2267 ex-

215 2312 463 2395 spectationem
488 2323 521 2375 et
544 2309 783 2373 necessitatem
806 2321 909 2392 poeta
926 2309 994 2372 duo
1008 2311 1163 2396 exempla
1179 2311 1384 2394 ineptissime

215 2416 373 2490 inculcat,
397 2416 519 2502 quibus
544 2416 704 2480 orationis
728 2416 962 2501 perspicuitati
985 2417 1078 2481 haud
1102 2419 1146 2480 ita
1177 2414 1273 2476 valde
1301 2433 1382 2474 con-

215 2524 302 2588 sulit.
349 2521 537 2585 Teuffelius
573 2523 675 2607 igitur
714 2545 746 2585 v.
785 2524 825 2593 76
858 2524 1099 2586 sententiarum
1128 2519 1244 2583 seriem
1291 2516 1376 2580 finiri

215 2643 307 2695 recte
330 2629 468 2706 iudicat,
503 2650 614 2714 neque
638 2651 721 2694 vero
746 2629 891 2693 eundem
915 2630 1024 2693 virum
1048 2627 1172 2714 effugit,
1206 2625 1299 2710 quod
1322 2624 1378 2689 illo

215 2760 315 2803 versu
331 2750 403 2802 tota
415 2737 563 2801 narratio
581 2758 721 2821 prorsus
746 2758 813 2800 non
836 2749 950 2820 potest
974 2737 1141 2802 concludi.
1177 2733 1247 2798 Sed
1264 2746 1378 2797 nostro

216 2845 355 2932 quidem
393 2843 518 2909 iudicio
557 2867 612 2906 vv.
654 2844 786 2914 73-76
826 2844 961 2909 omnino
1000 2867 1067 2908 non
1108 2843 1152 2908 ad
1195 2841 1375 2905 finiendum

214 2951 317 3036 positi
348 2951 449 3036 plane
484 2952 641 3034 perfecta
677 2962 710 3014 et
745 2949 900 3014 absoluta
925 2951 1091 3038 digressio
1121 2950 1277 3014 videntur
1301 2968 1384 3011 esse.
1430 2993 1433 2998 -

215 3057 381 3142 Exempla
420 3057 566 3142 denique
605 3079 659 3121 vv.
702 3059 740 3128 77
782 3070 816 3121 et
856 3058 895 3128 78
936 3080 999 3143 pro
1032 3057 1183 3143 generali
1224 3055 1389 3120 sententia

215 3164 392 3228 interiecta
416 3165 524 3227 minus
548 3164 727 3228 offensioni
752 3177 875 3241 essent,
899 3165 927 3228 si
950 3164 995 3228 ad
1019 3165 1147 3230 maiora
1164 3163 1388 3228 ascenderent

216 3283 250 3335 et
273 3269 510 3356 gradationem
535 3270 722 3334 efficerent.
771 3268 871 3345 Quae
896 3291 974 3335 cum
996 3272 1043 3334 ita
1067 3284 1155 3348 sunt,
1180 3284 1296 3335 nostro
1311 3270 1388 3333 loco

216 3399 282 3441 non
309 3375 437 3460 duplex
470 3377 624 3440 recensio
634 3375 679 3455 *Ἴ
719 3377 780 3441 sed
815 3377 869 3441 ille
904 3378 1106 3442 iniucundus
1145 3377 1387 3442 sententiarum

216 3485 375 3550 circuitus
410 3483 609 3548 statuendus
644 3484 742 3548 nobis
778 3496 839 3560 est,
876 3506 943 3571 quo
983 3484 1120 3569 quidem
1159 3505 1253 3548 more
1288 3496 1390 3569 poeta

214 3592 261 3656 ad
285 3591 386 3668 idem,
421 3591 510 3655 unde
547 3592 776 3677 argumentari
811 3613 907 3656 orsus
931 3604 993 3667 est,
1018 3611 1175 3655 reversus
1200 3591 1387 3656 orationem

216 3699 426 3785 digressione
448 3699 672 3784 interruptam
695 3700 880 3763 adnectere
905 3698 1029 3764 studet.

275 3861 279 3868 .
322 3806 413 3873 Vide
437 3806 502 3870 alia
525 3807 675 3871 similiter
692 3807 906 3871 conformata
922 3805 956 3869 in
972 3807 1096 3870 satirae
1109 3805 1159 3869 Vl
1169 3827 1226 3868 vv.
1244 3804 1308 3868 588
1319 3825 1394 3890 sqq.

216 3912 649 3997 Schoenaichius***)
700 3899 886 3977 rectissime
943 3912 1127 3988 Teuffelio,
1177 3911 1235 3996 qui
1282 3923 1395 3975 trans-

219 4023 482 4102 'T'Re‘ctis'sime
501 4037 548 4089 hos
567 4051 659 4090 versus
679 4036 831 4104 Madvigius
850 4037 921 4105 (opp.
941 4037 954 4090 I
974 4049 1035 4104 pag.
1055 4037 1103 4099 40)
1123 4035 1319 4101 interpretatus
1339 4041 1391 4086 est.

263 4124 304 4194 **)
322 4127 491 4194 Mosengelus
520 4126 593 4190 (diss.
621 4127 731 4195 Erlang.
759 4130 838 4192 1887)
858 4127 928 4194 quod
955 4133 1027 4180 recte
1046 4122 1192 4178 Teuffelius
1221 4123 1279 4192 ipse
1297 4131 1395 4190 poetae

322 4216 457 4284 proprium
486 4231 543 4269 esse
571 4214 720 4283 profitetur,
748 4217 775 4270 id
802 4216 838 4270 ud
865 4217 940 4270 illem
968 4214 1129 4270 seutentiam
1160 4214 1211 4267 viri
1247 4212 1396 4266 doctissimi

324 4304 495 4359 relutandam
516 4302 633 4357 adhibet.

332 4394 333 4404 ¹
364 4409 385 4448 e.
408 4410 472 4462 pag.
495 4393 538 4448 18.
