3254 4864
674 413 899 483 ..27-

186 610 469 696 „Quodcunque
494 621 547 674 est
571 609 694 690 (minus
730 619 781 671 est
805 617 918 670 autem
942 627 1044 692 quam
1079 604 1222 669 rhetoris
1257 609 1370 682 aera)¹‘

185 731 225 782 et
246 719 281 782 in
308 719 442 782 satirae
466 715 518 780 XI
541 737 596 779 vv.
626 714 685 776 168
703 734 778 799 sqq.
801 712 964 797 Idemque
989 712 1067 775 mihi
1083 710 1299 775 iudicandum
1323 722 1375 774 est

189 825 232 890 de
294 826 429 889 satirae
483 821 531 886 VI
581 843 614 884 u.
664 822 739 884 460.
798 818 864 883 Hic
914 820 1008 882 locus
1048 816 1374 894 Paldamum*)‚

189 929 560 1006 Ribbeckium**'),
592 924 934 1012 Madvigium***l
965 925 1257 989 vehementissime
1293 944 1376 987 vex-

185 1038 276 1101 avit.
327 1034 654 1120 Circumspiciamus
689 1033 789 1118 igitur
824 1033 1066 1096 sententiarum
1103 1043 1268 1107 tenorem,
1318 1031 1375 1115 qui

195 1155 251 1206 est
287 1144 323 1206 in
359 1142 423 1205 illis
458 1137 624 1205 versibus.
667 1138 750 1203 Inde
773 1160 794 1202 a
818 1161 850 1202 v.
876 1140 938 1209 457
964 1138 1053 1202 enirn
1082 1149 1187 1222 poeta
1211 1137 1273 1202 sibi
1296 1158 1374 1222 pro·

192 1250 357 1333 posuisse
392 1245 536 1324 videtur,
573 1256 609 1308 ut
644 1257 829 1321 enarraret,
865 1244 1037 1330 quomodo
1073 1244 1147 1308 dies
1180 1266 1200 1308 a
1237 1244 1374 1308 muliere

195 1356 309 1420 divite
346 1354 582 1440 distinguatur.
629 1351 706 1416 Hoc
741 1352 830 1415 enim
852 1364 956 1437 poeta
993 1352 1094 1415 dicit:
1134 1350 1375 1430 „Intolerabilis

194 1475 256 1526 est
283 1461 379 1525 dives
403 1459 536 1535 semina,
559 1458 652 1544 quod
676 1459 787 1522 omnia
810 1459 1034 1523 medicamina
1058 1459 1113 1521 vel
1137 1459 1238 1521 etiam
1255 1457 1379 1522 foedis-

197 1569 294 1632 sima
317 1577 456 1653 aspectu
481 1567 515 1644 (i.
531 1587 561 1630 e.
586 1577 685 1650 turpe
709 1588 741 1628 v.
759 1564 836 1645 457)
862 1566 997 1630 incute
1023 1566 1173 1630 curanda
1198 1577 1232 1629 et
1265 1566 1378 1630 forma
1491 1642 1500 1654 ι

205 1674 397 1740 excolenda
434 1671 597 1737 adhibere
633 1693 669 1735 se
705 1692 804 1756 posse
835 1683 943 1756 putat.
990 1672 1124 1736 Interea
1161 1671 1195 1749 (i.
1213 1693 1242 1735 e.
1267 1672 1376 1736 donec

202 1799 358 1865 gemmas
382 1791 415 1862 et
440 1779 600 1843 elenchos
625 1778 713 1843 collo
737 1763 984 1861 circumdeditl'
994 1779 1071 1842 talis
1095 1779 1187 1843 dorni
1211 1779 1244 1844 in
1268 1778 1377 1841 mariti

204 1897 430 1970 conspectum
455 1885 556 1962 venit,
582 1883 644 1949 sed
666 1884 810 1949 moecho
834 1905 969 1969 semper
992 1897 1112 1950 ornata
1136 1887 1206 1950 vult
1238 1885 1373 1948 videri.“

203 1992 296 2056 Turn
321 2004 423 2076 poeta
449 1989 643 2056 describere
667 1992 789 2076 pergit,
814 1991 986 2075 quomodo
1010 1992 1106 2056 dives
1130 1993 1249 2056 mulier
1265 2005 1378 2057 cutem

203 2110 315 2162 curet.
361 2097 416 2163 Sic
450 2098 522 2162 sine
555 2097 622 2160 ulla
647 2097 839 2160 offensione
867 2099 975 2160 oratio
998 2111 1078 2183 apte
1102 2099 1320 2185 progreditur
1344 2109 1377 2160 et

213 2205 396 2268 rectissime
419 2203 850 2289 Naegelsbachius5)
874 2203 1153 2291 Madvigio§§)
1177 2205 1377 2269 adversatus

211 2325 273 2388 est,
297 2311 353 2396 qul
386 2333 436 2376 vv.
472 2312 575 2373 tol--
585 2312 626 2373 63
662 2322 696 2374 et
735 2312 887 2374 464-66
919 2312 1005 2374 inter
1039 2333 1075 2376 se
1107 2312 1377 2397 transponendos

209 2439 284 2482 esse
316 2417 501 2482 contendit.
549 2415 686 2481 Etenim
719 2439 761 2482 ne
793 2418 840 2481 ita
868 2418 1005 2503 quidem
1028 2441 1138 2506 neque
1165 2420 1375 2506 „quomodo“

207 2536 253 2607 (v.
282 2527 371 2605 464),
407 2546 518 2610 neque
555 2526 724 2604 „interea“
758 2529 802 2605 (v.
828 2526 905 2606 460)
930 2526 1116 2612 quidquam
1139 2527 1275 2603 habent,
1311 2548 1378 2613 quo

207 2632 327 2695 referri
360 2633 502 2716 possint.
551 2629 622 2706 Qui
654 2632 791 2716 quidem
831 2652 948 2695 versus
988 2634 1079 2715 (460)
1122 2634 1294 2718 quomodo
1334 2635 1379 2699 ad

209 2739 451 2802 sententiarum
475 2759 610 2802 cursum
648 2737 804 2823 quadret,
836 2739 864 2804 si
898 2739 973 2822 quis
1008 2739 1255 2823 perquisiverit‚
1301 2762 1379 2808 eum

204 2845 419 2929 parenthesis
449 2845 526 2908 loco
557 2843 694 2908 abunde
727 2845 889 2908 insertum
913 2845 1048 2908 omnino
1073 2845 1152 2908 nihil
1175 2845 1221 2908 ad
1244 2859 1379 2911 senten-

206 2953 270 3015 tias
294 2953 400 3016 totius
423 2951 490 3016 loci
514 2950 740 3037 perficiendas
765 2951 924 3015 conferre
948 2951 1104 3014 inveniet.

315 3057 415 3133 Quos
451 3058 546 3124 locos
571 3058 627 3122 ubi
651 3058 938 3142 perlustravimus,
981 3070 1154 3144 tamquam
1199 3078 1378 3124 commune

207 3164 357 3227 omnium
380 3165 447 3228 hoc
472 3166 589 3229 animis
614 3165 736 3229 nostris
760 3185 797 3228 se
823 3163 934 3242 offert,
965 3165 1058 3250 quod
1081 3177 1184 3249 poeta
1208 3166 1380 3229 notionem

206 3270 357 3355 aliquam
395 3273 591 3354 parenthesi
632 3271 832 3356 interposita
878 3272 1069 3337 accuratius
1116 3272 1288 3357 explicare
1326 3272 1381 3336 vel

208 3376 412 3440 certioribus
441 3377 564 3442 finibus
589 3377 868 3443 circumscribere
892 3378 1016 3442 studet.

317 3482 515 3570 Eademque
552 3487 682 3550 ratione
731 3484 852 3548 ductus
898 3497 1002 3570 poeta
1041 3485 1113 3549 illas
1155 3485 1380 3572 digressiones

202 3590 387 3654 ‚inseruisse
410 3593 490 3656 mihi
516 3592 660 3669 videtur,
684 3612 771 3677 quae
796 3591 841 3654 ad
857 3591 1091 3676 disputationis
1107 3594 1380 3679 progressionem

211 3694 379 3761 interdum
413 3719 480 3762 non
516 3699 618 3762 modo
651 3698 731 3762 nihil
767 3698 959 3775 conferunt,
991 3699 1052 3762 sed
1087 3699 1287 3764 foedissime
1311 3700 1380 3765 eius

207 3803 472 3868 concinnitatem
533 3817 567 3868 et
631 3802 907 3890 aequabilitatem
985 3805 1185 3890 perturbare
1262 3805 1380 3869 solent.

119 3909 122 3916 '
214 3903 317 3972 Cuius
359 3910 498 3996 quidem
549 3912 685 3997 generis
738 3912 884 3975 maxime
922 3911 1140 3976 memorabile
1188 3912 1381 3996 exemplum

212 4015 423 4027 ——-—-

274 4049 299 4114 *)
319 4051 477 4106 Zeitsehrift
496 4052 540 4105 ftlr
559 4052 863 4106 Altertumswissensnh.
885 4053 962 4107 1838.

263 4137 305 4206 *⁴')
324 4139 357 4192 de
376 4141 462 4194 satira
482 4141 528 4194 VI.
548 4157 603 4209 pag
624 4140 673 4193 159
693 4155 749 4205 sqq.

254 4226 309 4295 ***)
330 4245 390 4296 opp.
409 4228 438 4282 Π
457 4247 520 4299 pag.
540 4233 600 4284 196.

274 4315 300 4383 §l
319 4317 404 4372 Rhen.
425 4319 483 4371 llus
503 4320 554 4374 111.

263 4403 596 4476 wmnmm.
