3254 4864
645 453 899 534 '÷33r

181 649 421 741 positionibus
444 650 535 718 hunc
558 648 671 714 locum
694 669 816 714 sanare
833 661 987 727 conatur,
1010 650 1045 715 id
1062 649 1280 715 obiciendum
1297 669 1373 713 esse

192 772 296 848 putat,
337 755 437 844 quod
470 777 525 821 vv.
562 754 735 821 589-591
775 770 854 841 post
877 779 908 822 v.
933 757 993 821 581
1020 758 1121 843 positi
1144 775 1283 842 prorsus
1305 777 1375 820 non

187 867 235 932 ad
260 880 422 931 tenorem
456 862 699 927 sententiarum
739 864 918 948 quadrant.
976 863 1054 929 Huc
1085 863 1230 940 accedit,
1268 861 1372 949 quod,

194 987 231 1039 ut
263 973 347 1038 mihi
381 969 523 1057 quidem
557 970 701 1054 videtur,
737 969 801 1034 illis
832 969 986 1036 versibus
1018 991 1080 1034 suo
1115 970 1192 1035 loco
1235 970 1371 1034 remotis

189 1079 279 1144 illud
314 1079 421 1156 ,‚hae“
456 1098 487 1141 v.
521 1075 584 1141 592
607 1077 688 1140 nihil
712 1076 827 1154 habet,
851 1099 920 1164 quo
956 1061 1073 1140 referri
1103 1077 1220 1162 possit.
1266 1076 1372 1154 Quod

203 1208 281 1251 vero
304 1185 396 1250 idem
419 1182 689 1248 Schoenaichius
724 1185 827 1250 docet
862 1185 896 1248 in
928 1185 1040 1270 priore
1075 1197 1183 1270 parte
1208 1205 1373 1248 summam

200 1293 265 1356 vim
304 1291 492 1355 sententiae
530 1289 679 1373 positam
717 1309 791 1356 esse
830 1291 864 1354 in
910 1290 1017 1355 verbo
1066 1290 1301 1375 ‚‚mediocris“,
1339 1291 1373 1354 in

202 1400 393 1487 posteriore
426 1396 560 1482 pondus
596 1397 689 1474 addi,
724 1419 793 1484 quo
829 1399 906 1463 loco
930 1419 1099 1483 pauperes
1123 1397 1271 1462 feminae
1294 1418 1374 1462 con·

205 1507 330 1580 sulam,
353 1504 433 1568 mihi
455 1503 587 1588 quidem
610 1505 677 1568 hoc
712 1505 815 1568 modo
847 1506 1090 1570 sententiarum
1124 1526 1250 1568 nexum
1278 1506 1374 1569 nimis

212 1626 366 1679 contorte
400 1625 433 1676 et
463 1613 618 1678 aculeata
654 1614 827 1700 explicare
863 1614 1007 1679 videtur.
1054 1613 1130 1678 Nec
1164 1613 1272 1699 magis
1296 1613 1375 1676 mihi

214 1721 376 1806 persuasit
407 1718 574 1802 duplicem
610 1720 691 1785 circi
725 1722 930 1786 mentionem
953 1721 1156 1806 gradatione
1180 1741 1243 1805 per
1267 1734 1376 1804 oppo-

206 1828 358 1891 sitionem
387 1824 477 1890 sacta
506 1828 664 1891 excusari
698 1847 811 1912 posse.
858 1825 949 1892 Nam
981 1829 1048 1892 hoc
1079 1828 1156 1892 loco
1185 1838 1290 1912 poeta
1313 1847 1374 1889 suo
1423 1884 1428 1894 .

207 1954 299 1997 more
320 1932 392 1996 illos
416 1955 471 1996 vv.
491 1933 625 2005 585-87.
644 1933 766 2018 quibus
782 1933 906 1999 divites
922 1935 1132 2019 pauperibus
1145 1944 1374 2019 opponuntur,

205 2051 338 2124 praeter
378 2040 618 2105 necessitatem
661 2041 837 2105 interiecit.
891 2041 982 2105 Tum
1027 2062 1089 2126 per
1135 2041 1375 2104 sententiarum

211 2147 377 2210 circuitum
409 2147 488 2210 inde
521 2169 593 2212 av.
628 2148 690 2211 588
716 2147 805 2211 unde
830 2148 979 2223 deflexit,
1004 2141 1126 2212 eodem
1151 2169 1307 2212 reversus
1331 2148 1375 2211 de

212 2253 407 2338 pauperibus
444 2275 549 2339 agere
573 2256 696 2341 pergit.
745 2254 956 2320 Sententiam
990 2256 1087 2318 huius
1119 2198 1185 2320 loci
1218 2256 1244 2318 si
1279 2267 1375 2319 recte

211 2362 450 2444 perspeximus,
486 2361 575 2426 hanc
610 2364 683 2425 iere
720 2383 794 2425 esse
825 2359 1043 2426 arbitramur:
1070 2349 1217 2438 „Mulier
1240 2383 1377 2448 pauper
1459 2425 1461 2432 ,

209 2467 239 2545 (i.
254 2488 279 2530 e.
297 2467 493 2562 mediocrisl
517 2490 622 2553 quum
645 2468 850 2554 astrologiae
868 2469 1022 2552 imperita
1039 2470 1091 2549 sit,
1109 2470 1141 2533 in
1159 2471 1251 2534 circo
1268 2482 1377 2534 sortes

200 2573 326 2638 ducere
351 2575 497 2659 cogitur.
537 2574 660 2661 Neque
684 2598 766 2641 vero
791 2576 950 2640 divitibus
968 2577 1161 2641 mulieribus
1178 2580 1244 2643 hoc
1260 2579 1377 2641 facere
1423 2571 1427 2578 ’

198 2702 283 2767 opus
309 2689 395 2745 est.“
421 2679 513 2744 Tum
548 2684 661 2769 pergit
696 2697 798 2768 poeta
834 2684 878 2747 ad
912 2685 1097 2747 institutam
1133 2706 1204 2748 rem
1227 2682 1376 2747 rediens:

198 2789 255 2864 „In
282 2791 389 2865 circo,
415 2789 564 2874 inquam,
588 2789 722 2875 plebeia
747 2791 865 2854 mulier
887 2802 983 2853 vates
1008 2791 1185 2854 consulit.“
1209 2827 1252 2836 -

305 2895 445 2981 Insigne
469 2917 551 2960 vero
576 2898 770 2982 exemplum
794 2898 953 2961 circuitus
977 2918 1078 2982 quem
1102 2917 1265 2962 vocamus
1302 2918 1377 2960 sen·

194 3004 387 3066 tentiarum
427 3014 538 3066 exstat
573 3004 606 3065 in
642 3005 765 3068 satirae
797 3003 878 3068 VIII
917 3026 949 3066 v.
986 3003 1039 3074 37.
1086 3004 1135 3068 Ut
1170 3004 1280 3067 multis
1304 3003 1376 3066 aliis

190 3111 279 3176 Iocis
318 3111 366 3198 ita
402 3111 470 3173 hoc
505 3109 582 3174 loco
617 3123 720 3194 poeta
745 3110 913 3195 particula
949 3116 1077 3197 ,‚ergo“
1110 3110 1261 3191 addita*)
1287 3108 1376 3174 unde

192 3240 294 3282 orsus
349 3229 402 3280 est
441 3217 563 3281 eodem
601 3218 782 3281 revertitur
806 3205 807 3208 ¹
827 3219 918 3282 hunc
957 3219 989 3281 in
1028 3218 1180 3283 modum:
1242 3216 1376 3294 „Nemo

190 3345 392 3412 generosus
416 3324 580 3387 nominari
603 3336 728 3409 potest,
754 3325 811 3410 qui
833 3345 961 3410 genere
985 3346 1045 3389 suo
1070 3325 1208 3411 indigne
1233 3346 1268 3388 se
1285 3324 1378 3409 gerit
1428 3334 1430 3338 '

193 3445 228 3495 et
253 3430 443 3516 praeclaro
460 3431 749 3494 tantum-nomine
773 3431 913 3516 insignis
939 3445 1017 3496 ests
1045 3431 1178 3496 Eodem
1202 3432 1272 3503 iure
1289 3451 1377 3494 nano

189 3537 337 3602 cuidam
361 3557 485 3600 nomen
508 3536 668 3613 Atlantis,
692 3535 849 3601 scabioso
875 3538 950 3601 cani
985 3559 1108 3601 nomen
1144 3538 1249 3603 leonis
1296 3537 1377 3602 dare

193 3645 360 3709 solemus.
409 3642 504 3729 Ergo
539 3643 574 3706 id
609 3643 670 3707 tibi
705 3643 876 3730 agendum
912 3657 974 3721 est,
1010 3656 1047 3707 ut
1083 3666 1137 3708 res
1162 3657 1220 3707 tuo
1244 3645 1377 3708 nomine

197 3751 324 3838 dignas
338 3749 464 3835 geris.“
490 3749 545 3812 Ne
569 3750 692 3835 longus
707 3750 782 3826 sim,
806 3749 903 3834 plura
928 3751 1085 3835 exempla
1107 3751 1265 3835 proferre
1290 3751 1377 3828 nolo,

195 3880 271 3924 cum
299 3877 415 3944 genus
440 3857 550 3940 ipsum
573 3858 631 3934 eis,
656 3878 744 3942 quae
769 3857 876 3934 attuli,
900 3857 981 3920 satis
1005 3857 1227 3922 adumbrasse
1250 3857 1376 3920 videar·

191 3966 365 4052 Apparet
404 3975 519 4027 autern
564 3964 619 4028 hic
659 3984 796 4049 quoque
835 3945 925 4027 idem
964 3965 1137 4049 scriptoris
1187 3985 1270 4041 m03,
1310 3985 1377 4049 quo

189 4074 395 4144 orationem
419 4069 630 4156 digressione
654 4071 879 4155 interruptam
902 4071 950 4133 ita
972 4072 1131 4155 pertexit,
1156 4083 1192 4133 ut
1223 4092 1285 4155 per
1314 4072 1378 4135 cir-

190 4183 312 4246 cuitus
339 4176 524 4246 formulam
550 4198 590 4241 eo
615 4177 706 4240 unde
731 4177 912 4242 declinavit
936 4177 1066 4242 redeat.

258 4370 290 4434 ¹⁸¹)
314 4370 398 4423 Cuius
418 4371 566 4438 particulae
584 4387 661 4426 usum
681 4371 895 4440 Bergmuellerus
915 4372 943 4437 (l.
954 4375 987 4436 c.)
999 4372 1066 4426 satis
1084 4373 1226 4441 diligenter
1236 4373 1379 4440 explicant

310 4466 340 4512 st
358 4457 468 4512 uberius
488 4459 645 4514 illustravit.
