3254 4864
694 413 908 478 -23-.

198 633 274 676 non
323 622 420 674 recte
471 611 614 672 haerere
661 608 806 672 videtur.
869 607 939 684 Qui
987 593 1124 693 quidem
1174 607 1230 671 illa
1276 607 1387 672 verba

204 717 328 798 „Talia
356 705 515 780 'secreta
567 715 743 789 coluerunt
788 713 895 800 Orgia
941 714 1044 778 taeda
1087 713 1293 799 Cecropiam
1316 719 1380 763 -“

200 846 311 910 quum
343 823 595 888 accuratiorem
632 820 827 886 desiderent
862 821 1139 905 descriptionem,
1174 821 1265 886 unde
1300 844 1388 907 pen·

201 933 323 1007 deant,
346 941 425 1015 post
449 951 479 992 v.
508 930 569 991 114
601 928 856 1012 transponenda
888 949 962 992 esse
986 927 1171 992 contendit.
1218 927 1383 994 Concedo

205 1039 306 1104 facile
341 1037 403 1100 illis
439 1035 593 1100 versibus
629 1034 749 1099 deletis
784 1035 864 1098 nihil
887 1034 1084 1099 desiderari.
1136 1033 1316 1100 Assentior
1352 1039 1385 1101 ei

206 1146 286 1211 inde
309 1167 386 1220 av.
411 1145 453 1208 93
478 1143 579 1207 aliam
603 1143 811 1229 quaestionis
834 1156 968 1227 partem
992 1142 1121 1206 Initium
1140 1163 1275 1228 capere,
1293 1165 1386 1229 quae

208 1252 344 1339 quidem
382 1251 517 1322 omnino
549 1265 621 1312 'non
656 1270 734 1313 cum
768 1249 1055 1334 praecedentibus
1091 1271 1133 1312 ne
1178 1253 1387 1316 transitionis

205 1359 346 1446 quidem
369 1346 537 1442 particula
561 1357 744 1420 coniuncta
768 1370 830 1420 est.
868 1356 1032 1420 Attamen
1048 1355 1234 1422 Ribbeckii
1250 1373 1387 1423 senten-

208 1467 256 1530 tia
280 1464 504 1552 improbanda
528 1475 599 1536 est3
623 1483 711 1539 nam,
729 1476 765 1527 ut
782 1461 1017 1546 Wirzius*)
1043 1465 1229 1528 rectissime
1255 1480 1385 1543 monet,

210 1571 422 1656 transpositis
457 1571 519 1634 illis
555 1570 730 1634 versiculis
755 1571 792 1636 91
831 1585 865 1634 et
900 1571 941 1635 92
966 1570 1159 1634 foedissime
1195 1595 1226 1635 v.
1267 1574 1327 1637 114
1364 1595 1384 1637 a

212 1701 243 1742 v.
286 1677 354 1741 115v
385 1678 599 1762 dirumpitur,
628 1677 685 1762 qui
718 1699 820 1764 quam
859 1689 933 1742 arte
958 1678 1045 1741 inter
1088 1698 1125 1740 se
1165 1680 1386 1758 cohaereant,

210 1784 546 1867 Rib,beckius**)
584 1785 657 1868 ipse
692 1783 890 1870 intellegere
919 1784 1053 1848 videtur
1076 1785 1166 1850 hunc
1189 1787 1222 1849 in
1246 1787 1386 1851 modum

209 1893 396 1957 disserens:
425 1891 525 1970 „Nun
537 1891 618 1955 darf
637 1892 709 1974 Mi.
726 1912 756 1954 e.
773 1915 827 1955 vv.
850 1893 910 1955 115
926 1895 1014 1976 sqq.)
1039 1892 1132 1955 nicht
1155 1915 1197 1956 zu
1222 1895 1299 1958 weit
1316 1917 1384 1959 von

208 1997 285 2080 ‘I-[i.
315 2022 344 2062 e.
374 2021 429 2061 vv.
464 1999 648 2064 110-1141
688 2009 848 2084 getrennt
887 1999 1025 2063 werden
1064 2020 1185 2085 wegen
1228 2002 1289 2065 der
1317 2000 1387 2065 Be·

211 2109 356 2194 ziehung
379 2106 440 2170 der
462 2104 702 2192 Phrygischen
719 2105 806 2170 Sitte
830 2108 891 2170 auf
915 2108 982 2172 den
994 2109 1115 2173 Dienst
1139 2108 1201 2172 der
1216 2107 1382 2194 Cybele.“

214 2215 314 2290 Quae
338 2235 414 2278 cum
449 2214 494 2276 ita
531 2213 608 2290 sint,
645 2215 699 2278 isti
735 2215 891 2278 versiculi
928 2216 967 2280 91
995 2228 1028 2279 et
1054 2218 1094 2281 92
1119 2237 1180 2280 suo
1217 2215 1294 2280 loco
1331 2238 1387 2281 re-

212 2321 338 2385 tinendi
374 2333 460 2384 sunt.
509 2320 599 2384 Nam
633 2322 725 2385 haud
763 2322 877 2406 inepte
915 2325 1027 2388 versui
1064 2325 1107 2388 90
1142 2323 1384 2400 adnectuntur,

210 2451 277 2516 quo
301 2428 438 2514 quidem
463 2449 565 2492 versu
589 2430 693 2493 series
717 2419 920 2516 praegressa
944 2432 1188 2520 sententiarum
1203 2431 1382 2509 clauditur.

206 2534 413 2619 Saepissime
437 2549 552 2599 autern
575 2537 790 2600 inveniuntur
808 2558 848 2600 ea
872 2539 1039 2622 exempla,
1063 2537 1185 2624 quibus
1210 2537 1385 2622 Juvenalis

208 2643 409 2706 sententiam
433 2643 626 2706 universam
649 2643 748 2707 latius
773 2644 946 2728 explicare
970 2658 1004 2709 et
1028 2645 1192 2729 exemplis
1216 2645 1385 2707 illustrare

210 2749 332 2825 studet,
364 2771 433 2834 qua
468 2750 606 2834 quidem
641 2752 772 2814 ratione
809 2751 993 2815 identidem
1030 2753 1162 2838 ingrata
1201 2750 1383 2814 verborum

210 2855 308 2940 copia
325 2868 358 2919 et
374 2856 430 2921 illa
446 2856 605 2940 repetitio
622 2878 710 2942 quae
727 2870 872 2921 vocatur
887 2859 1129 2921 sententiarum
1145 2869 1384 2942 procreantur.

206 2963 283 3027 Huc
307 2961 476 3026 referendi
499 2977 576 3027 sunt
600 2963 644 3026 illi
667 2965 792 3028 satirae
819 2964 867 3027 VI
891 2987 944 3027 vv.
970 2964 1135 3042 349-51,
1168 2964 1290 3051 quibus
1324 2963 1384 3048 Ju-

208 3070 334 3134 venalis
358 3091 476 3134 omnes
489 3070 534 3133 ad
548 3091 649 3133 unam
675 3071 839 3156 coniuges
863 3083 897 3135 et
913 3072 1139 3136 nobilissimas
1155 3084 1189 3136 et
1205 3071 1385 3134 vilissimas

208 3177 362 3240 adulterii
386 3177 515 3241 scelere
540 3178 729 3241 maculatas
755 3199 830 3242 esse
867 3180 1029 3263 queritur.
1076 3179 1194 3243 Media
1223 3179 1311 3242 enim
1347 3179 1381 3242 in

208 3285 399 3348 narratione
433 3284 592 3348 insistens
616 3285 792 3369 superiora
817 3286 944 3372 colligit
970 3299 1003 3350 et
1032 3269 1247 3373 insequentia
1280 3307 1385 3371 prae-

207 3406 308 3476 parat
331 3403 433 3476 poeta
458 3413 490 3454 v.
516 3391 602 3455 349:
653 3391 812 3479 ,Iamque
848 3393 969 3456 eadem
1007 3395 1144 3457 summis
1168 3395 1300 3478 pariter
1323 3394 1384 3456 mi·
1444 3379 1450 3390 ’

207 3498 372 3584 nimisque
396 3497 531 3562 libido.“
583 3497 664 3574 Quo
699 3499 733 3560 in
767 3519 867 3562 versu
902 3521 1005 3584 quum
1029 3521 1115 3585 quas
1139 3500 1296 3563 mulieres
1320 3499 1384 3563 illis

206 3604 320 3669 verbis
359 3606 533 3684 ,summis“
572 3621 606 3669 et
645 3606 824 3686 ,minimis“
874 3607 1066 3692 significare
1101 3619 1204 3692 poeta
1239 3607 1385 3671 voluerit

210 3710 307 3776 facile
331 3711 561 3798 intellegatur,
585 3712 665 3775 nihil
688 3712 734 3775 ad
770 3713 1020 3798 perficiendam
1036 3715 1239 3802 sententiam
1255 3714 1384 3799 requiri

210 3831 377 3902 putamus.
412 3817 527 3882 Nihilo
553 3819 664 3883 secius
689 3820 802 3884 studio
825 3841 897 3882 rem
921 3842 1023 3905 quam
1047 3821 1299 3885 accuratissime
1324 3841 1385 3884 ex-

209 3926 356 4010 plicandi
390 3925 514 3990 ductus
551 3938 654 4011 poeta
678 3927 795 3991 addit:
823 3927 918 4007 ,Nec
936 3928 1066 4005 melior,
1090 3929 1218 3992 silicem
1236 3926 1383 4013 pedibus

209 4055 297 4119 quae
321 4033 467 4097 conterit
492 4045 614 4111 atrum,
639 4031 754 4109 Quam
779 4056 867 4120 quae
892 4035 1071 4121 longorum
1087 4036 1221 4099 vehitur
1247 4034 1383 4099 cervice

181 4139 401 4227 ¹Syrorum.l
451 4139 557 4205 Simili
592 4141 723 4205 ratione
755 4143 788 4204 in
814 4143 936 4206 satirae
961 4142 1043 4206 XIII
1067 4166 1097 4207 v.
1127 4143 1187 4205 135
1212 4140 1383 4228 generalis

208 4248 374 4312 sententia
408 4249 512 4314 haec:
561 4243 653 4328 ,Sed
692 4249 718 4312 si
756 4262 881 4313 cuncta
919 4250 1014 4314 vides
1053 4250 1149 4314 simili
1184 4248 1256 4313 sora
1280 4248 1383 4332 plena

209 4375 450 4477 *ninum
470 4408 602 4463 xxxvn
621 4408 672 4462 vot.

262 4496 304 4566 **)
323 4497 341 4551 l.
361 4514 381 4551 c.
401 4515 456 4568 pag
475 4499 536 4554 138.
