3254 4864
720 412 941 472 .-22-

245 589 403 656 Weiseus
424 589 467 654 de
491 590 556 653 hac
579 588 752 673 Juvenalis
776 587 1021 653 consuetudine
1045 587 1272 676 componendi
1300 587 1424 671 dispu-

241 700 340 764 tavit.
386 698 456 775 Qui
481 697 616 784 quidem
649 698 715 762 hoc
747 696 850 762 docet
873 709 1010 782 poetam
1034 696 1143 760 solere
1167 695 1315 782 singulas
1338 694 1422 759 sati-

245 827 359 870 rarum
382 818 497 890 partes
520 804 617 867 nullis
641 802 935 868 coniunctionibus
959 803 1117 868 adhibitis
1153 822 1358 886 componere
1383 812 1419 866 et

244 933 412 998 persaepe
448 933 468 974 a
504 912 682 996 proposito
716 911 861 998 digredi.
908 910 978 976 Sed
1011 910 1168 995 exempla
1193 923 1227 973 et
1250 908 1418 992 abruptae

246 1041 346 1100 quam
371 1032 472 1083 vocat
496 1018 657 1082 orationis
674 1030 707 1082 et
725 1019 971 1104 digressionum
988 1018 1247 1103 quamplurima
1265 1016 1418 1080 attulisse

244 1126 328 1190 satis
352 1124 456 1189 habet
479 1147 589 1212 neque
613 1126 779 1190 rationem
803 1138 837 1189 et
860 1125 1036 1190 consilium
1060 1125 1145 1189 illius
1160 1123 1418 1189 consuetudinis

240 1233 437 1298 accuratius
465 1233 639 1316 explicare
675 1245 829 1297 conatur.
877 1231 983 1306 Quod
1017 1253 1094 1296 cum
1131 1234 1178 1296 ita
1212 1233 1265 1306 sit,
1289 1251 1417 1316 operae

244 1340 391 1425 pretium
415 1361 488 1404 esse
520 1338 654 1404 videtur
681 1339 793 1402 denuo
818 1339 861 1402 de
885 1340 949 1402 hac
973 1338 1147 1422 Juvenalis
1171 1352 1244 1403 arte
1275 1323 1418 1423 compo-

244 1447 346 1511 nendi
370 1447 488 1532 paucis
512 1447 688 1510 disserere.

351 1554 390 1617 Id
413 1555 501 1618 enim
525 1553 669 1617 maxime
694 1553 871 1638 proprium
887 1553 1059 1638 Juvenalis
1084 1575 1158 1617 esse
1184 1553 1319 1617 videtur
1342 1573 1420 1616 sen-

244 1662 385 1725 tentiam
418 1661 614 1747 generalem
650 1659 874 1747 singularibus
903 1659 1004 1724 rebus
1036 1661 1200 1724 enarratis
1224 1660 1417 1724 accuratius

244 1768 419 1853 explicare
443 1781 477 1830 et
502 1767 666 1852 exemplis
689 1766 921 1851 compluribus
937 1768 1079 1852 prolatis
1091 1767 1222 1852 plenius
1238 1766 1416 1830 illustrare.

244 1875 283 1938 In
307 1875 355 1938 eis
378 1896 462 1938 vero
486 1873 588 1938 rebus
612 1873 856 1959 persequendis
879 1886 1008 1938 tantam
1040 1875 1246 1961 diligentiam
1278 1872 1418 1937 adhibet

245 1994 360 2067 poeta,
385 1993 421 2044 ut
453 2001 514 2045 eae
550 1981 645 2066 quasi
680 1981 787 2045 oculis
823 1981 978 2046 obiectae
1007 1981 1105 2045 nobis
1130 1982 1309 2045 videantur
1332 2001 1416 2044 esse.

246 2089 327 2166 Qua
351 2089 488 2173 quidem
512 2110 548 2152 re
577 2110 781 2174 quamquam
806 2090 969 2152 maximas
994 2090 1172 2153 satirarum
1195 2088 1418 2151 amoenitates

246 2208 337 2260 ortas
369 2217 443 2260 esse
478 2197 579 2260 facile
616 2196 846 2271 concedimus
882 2208 995 2258 tamen
1031 2215 1276 2279 saepenumero
1308 2195 1355 2276 fit,
1381 2207 1416 2258 ut

245 2303 355 2365 ieiuna
380 2315 413 2364 et
437 2302 596 2388 languida
622 2301 847 2386 explicatione
871 2303 1001 2365 animos
1025 2316 1159 2366 nostros
1185 2301 1354 2387 defatiget
1383 2313 1417 2364 et

245 2409 408 2493 imprimis
444 2408 644 2471 narrationis
686 2409 959 2493 progressionem
994 2422 1145 2472 moretur
1180 2420 1213 2472 et
1256 2408 1412 2471 retardet.

246 2515 283 2578 ln
307 2517 409 2579 satira
434 2514 483 2578 Vl
515 2514 652 2599 quidem
682 2515 760 2578 inde
785 2537 805 2577 a
839 2537 871 2578 v.
896 2517 956 2578 261
986 2515 1160 2577 mulierum
1184 2515 1412 2580 Romanarum
1455 2575 1459 2582 .

244 2622 467 2707 cupiditatem
491 2623 523 2684 in
548 2642 685 2684 arenam
709 2621 941 2686 descendendi
966 2622 1116 2687 denotat.
1162 2620 1328 2687 Extrema
1350 2621 1414 2684 hac

245 2730 278 2794 in
292 2730 518 2814 descriptione
531 2740 634 2813 poeta
651 2730 768 2813 paucis
784 2728 878 2792 lineis
895 2751 1010 2793 veram
1028 2745 1061 2794 et
1077 2730 1418 2815 vividam-imaginem

244 2837 321 2900 talis
344 2837 490 2900 mulieris
514 2837 736 2922 gladiatoriae
760 2835 940 2900 adumbrat
964 2838 1057 2901 hisce
1082 2837 1249 2903 versibus:

355 2943 513 3027 „Aspice
540 2964 608 3029 quo
634 2943 766 3008 fremitu
791 2957 995 3009 monstratos
1019 2942 1172 3029 perferat
1207 2945 1336 3019 ictus,

358 3047 422 3129 „Et
444 3064 574 3134 quanto
597 3050 718 3136 galeae
742 3064 902 3114 curvetur
924 3052 1088 3136 pondere,
1112 3063 1239 3136 quanta

356 3154 567 3241 „Poplitibus
591 3158 709 3221 sedeat
741 3181 842 3244 quam
866 3159 971 3222 denso
988 3158 1094 3222 fascia
1108 3157 1205 3234 libro,

362 3262 426 3342 „Et
450 3264 533 3355 ride,
557 3265 674 3348 positis
699 3266 878 3348 scaphium
904 3286 1006 3349 quum
1030 3266 1171 3329 sumitur
1194 3268 1326 3328 armis“

247 3369 400 3455 Itemque
424 3369 596 3454 Juvenalis
620 3371 653 3433 in
675 3371 801 3434 satirae
825 3370 841 3433 l
864 3393 919 3434 vv.
946 3371 985 3442 75
1011 3383 1044 3433 et
1064 3373 1103 3440 70
1128 3392 1195 3435 non
1218 3374 1299 3436 satis
1315 3371 1419 3437 habet

250 3479 378 3555 hortos,
425 3480 609 3563 praetoria,
634 3501 767 3544 mensas
816 3502 1043 3559 enumerasse,
1081 3482 1241 3566 poculum
1265 3485 1419 3569 quamvis

250 3585 369 3670 paucis
393 3585 506 3649 verbis
539 3597 652 3649 tamen
686 3599 755 3650 tam
792 3588 930 3674 egregie
960 3587 1125 3675 depingit,
1148 3603 1185 3654 ut
1208 3592 1242 3654 in
1266 3588 1419 3652 manibus

249 3692 347 3776 quasi
371 3704 537 3756 teneatur.
583 3690 762 3758 Postremo
799 3695 832 3756 in
872 3694 1134 3779 disputationem
1170 3696 1343 3761 vocandus
1368 3709 1419 3761 est

249 3798 356 3874 locuS,
380 3799 438 3883 qui
461 3811 573 3863 exstat
597 3801 630 3862 in
653 3801 777 3866 satirae
802 3801 832 3864 II
848 3824 880 3864 v.
907 3803 947 3865 80
974 3824 1047 3890 sqq.
1070 3805 1127 3869 ubi
1154 3803 1282 3890 „Orgia
1300 3801 1418 3868 Bonae

248 3903 378 3981 Deae“,
414 3927 502 3991 quae
537 3907 598 3969 viri
637 3907 821 3972 effeminati
862 3909 1061 3974 muliebrem
1099 3912 1133 3975 in
1168 3912 1307 3975 modum
1346 3923 1418 3975 tum

250 4011 363 4074 colere
407 4011 572 4088 solebant,
618 4014 764 4097 primum
816 4015 971 4081 universe
1005 4016 1150 4080 describi
1196 4019 1418 4084 rectissimme

249 4116 543 4202 Weidnerus*)
583 4119 739 4184 ostendit.
765 4120 855 4183 Tum
878 4143 899 4184 a
923 4145 955 4186 v.
993 4125 1033 4187 93
1067 4136 1170 4207 poeta
1201 4125 1286 4190 haec
1322 4123 1418 4213 orgia

249 4225 444 4289 accuratius
467 4226 640 4310 explicare
657 4228 781 4313 pergit.
807 4228 844 4291 ln
858 4252 913 4293 vv.
928 4229 965 4292 91
984 4241 1018 4293 et
1034 4229 1074 4292 92
1100 4230 1418 4316 Ribbeckius**)

312 4366 337 4429 *)
357 4372 489 4419 comment
507 4366 535 4419 in
554 4367 680 4422 Juvenal.
700 4369 806 4422 satiras

282 4454 343 4544 Ι**)
363 4456 379 4508 l.
400 4470 421 4507 c.
440 4471 495 4524 pag
516 4459 575 4511 138.
