3254 4864
726 407 945 469 ..24-

250 600 432 686 querella‚“
470 600 625 684 exemplo
672 600 715 664 de
750 601 820 663 vita
854 601 1088 665 Romanorum
1134 602 1246 666 media
1288 612 1425 685 sumpto

253 709 440 773 illustratur
461 710 550 771 hunc
575 707 607 768 in
634 706 785 770 modum:
829 706 883 787 „Si
909 708 1024 772 decies
1047 708 1142 773 lectis
1166 709 1301 772 diversa
1324 721 1423 792 parte

252 817 385 880 tabellis
410 815 508 877 Vana
542 815 744 897 supervacui
780 814 898 879 dicunt
933 816 1159 904 chirographa
1182 815 1274 902 ligni,
1298 814 1424 898 Arguit

252 925 402 1009 ipsorum
437 942 524 1007 quos
559 922 671 984 littera
705 942 910 1008 gemmaque
954 911 1114 1008 princeps
1152 922 1422 1008 Sardonychum‚

247 1011 369 1095 loculis
392 1049 481 1114 quae
505 1028 695 1091 custoditur
719 1028 883 1093 eburnis.“
922 1030 1007 1093 Aliis
1031 1031 1113 1094 locis
1136 1051 1157 1093 a
1180 1043 1283 1114 poeta
1309 1049 1425 1092 exem-

250 1138 316 1222 plis
345 1135 485 1220 prolatis
520 1135 676 1198 universa
722 1137 890 1199 sententia
925 1134 1137 1222 subiungitur
1172 1137 1228 1212 ita,
1263 1149 1299 1199 ut
1331 1135 1423 1198 haud

252 1264 328 1306 raro
353 1241 431 1304 nihil
463 1241 555 1304 aliud
587 1242 648 1304 nisi
679 1243 853 1306 conclusio
885 1265 927 1306 ex
952 1244 1014 1306 illis
1042 1243 1130 1307 facta
1156 1243 1310 1308 videatur
1335 1264 1422 1318 esse,

250 1371 339 1435 quae
374 1370 626 1436 nonnumquam
668 1349 767 1412 valde
797 1349 992 1434 languidam
1016 1363 1050 1414 et
1071 1339 1244 1434 illepidam
1268 1351 1422 1434 speciem

251 1479 334 1542 prae
369 1477 405 1520 se
442 1456 506 1521 sert
542 1477 651 1542 neque
676 1457 812 1520 omnino
847 1458 1039 1521 necessaria
1063 1457 1108 1520 ad
1132 1458 1234 1520 totius
1258 1457 1323 1521 loci
1347 1478 1423 1520 sen-

250 1565 390 1627 tentiam
426 1576 486 1627 est.
534 1563 652 1649 Itaque
688 1564 880 1628 cavendum
904 1577 966 1639 est,
1013 1585 1055 1626 ne
1103 1564 1292 1627 huiusmodi
1327 1563 1421 1628 locos

251 1670 343 1736 falce
368 1671 484 1735 critica
510 1691 713 1734 resecemus.
764 1670 870 1734 Cuius
893 1671 1028 1756 generis
1053 1691 1096 1733 ex
1120 1671 1230 1734 satiris
1265 1692 1421 1755 promam

251 1778 408 1861 exempla
443 1779 546 1841 haec:
594 1777 630 1840 ln
665 1778 787 1841 satirae
822 1777 905 1840 XllI
940 1800 972 1840 v.
1014 1779 1073 1840 166
1109 1790 1212 1862 poeta
1247 1779 1422 1862 superiora
1450 1843 1455 1850 ,
1505 1809 1507 1814 v

250 1886 408 1968 exempla
444 1884 682 1968 complectitur
716 1885 883 1947 sententia
927 1877 1097 1949 communi
1133 1885 1213 1948 hac:
1265 1884 1419 1969 „Nempe

250 1992 344 2077 quod
379 1993 464 2055 haec
500 1991 561 2054 illis
597 2003 715 2054 natura
752 2003 802 2054 est
842 1990 996 2055 omnibus
1022 1999 1117 2054 unas
1165 1991 1320 2055 Eandem
1346 2013 1422 2054 ver-

250 2097 371 2162 borum
406 2100 716 2184 sententiarumque
763 2099 1000 2182 repetitionem
1038 2099 1092 2162 vel
1115 2119 1182 2161 uno
1207 2099 1261 2162 vel
1285 2098 1420 2163 duobus

250 2205 526 2290 compluribusve
572 2206 735 2290 deinceps
782 2205 962 2268 enuntiatis
1007 2227 1202 2290 expressam
1234 2206 1420 2269 invenimus

238 2313 283 2378 .in
308 2314 430 2376 satirae
454 2313 527 2375 llv.
548 2316 600 2375 ll:
645 2334 758 2391 „rarus
783 2334 894 2376 sermo
911 2350 950 2358 —
972 2334 1093 2398 magna
1117 2313 1254 2377 tacendi
1278 2312 1414 2386 libidor

251 2418 317 2482 Xll
342 2443 396 2482 vv.
410 2420 511 2502 02s03
550 2433 723 2504 „tempora
748 2440 969 2503 prospera-
983 2419 1087 2481 fatum
1102 2419 1300 2494 valentius;“
1321 2417 1413 2482 XlV.

251 2550 306 2589 vv.
332 2526 463 2596 64-70
491 2539 662 2602 „stercore
686 2526 790 2589 foeda
825 2563 869 2570 -
904 2526 1045 2609 perfusa
1080 2526 1150 2590 luto
1187 2565 1229 2572 —
1265 2527 1339 2591 labe

250 2635 418 2720 vitioque“
446 2635 531 2698 haec
555 2633 691 2718 quidem
717 2631 823 2696 verba
847 2653 930 2696 sono
954 2654 1021 2696 uon
1046 2653 1082 2695 re
1107 2634 1193 2698 inter
1223 2655 1258 2697 se
1294 2635 1416 2698 discre-

249 2763 334 2826 pare
358 2742 433 2827 quis
458 2753 508 2804 est
532 2741 591 2826 qui
615 2741 738 2824 neget?
763 2740 915 2824 Itemque
940 2740 972 2801 in
997 2741 1120 2804 satirae
1145 2740 1195 2804 Vl
1220 2765 1274 2804 vv.
1289 2742 1417 2803 21-24

251 2849 295 2911 de
320 2847 486 2912 adulterio
510 2848 561 2910 his
585 2847 634 2910 sui
659 2847 832 2910 simillimis
858 2846 998 2910 uocibus
1027 2848 1143 2910 utitur:
1172 2848 1316 2926 „lectum
1340 2869 1422 2912 con·

252 2967 370 3019 cutere
394 2993 435 3000 -
459 2956 596 3040 genium
621 2966 838 3017 contemnere
863 2954 977 3034 fulcri3
1002 2955 1177 3039 antiquum
1206 2969 1239 3019 et
1267 2968 1422 3018 vetus-

250 3075 414 3148 argentea
438 3062 613 3124 saecula.“
1300 3134 1303 3142 Ι

356 3169 411 3231 Ex
435 3169 500 3236 hac
523 3166 697 3251 Juvenalis
722 3169 965 3231 consuetudine
991 3190 1058 3252 qua
1082 3190 1136 3232 res
1159 3168 1295 3233 uberius
1318 3192 1421 3254 quam

252 3297 336 3360 opus
380 3288 431 3338 est
456 3258 615 3359 explicat,
648 3275 740 3338 haud
764 3275 864 3340 dubie
888 3275 963 3338 illae
989 3276 1214 3360 digressiones
1243 3276 1420 3361 profectae

186 3371 191 3380 ⁸
250 3395 337 3464 sunt,
363 3380 482 3467 quibus
493 3380 665 3465 Juvenalis
682 3382 806 3444 satirae
823 3382 922 3445 valde
939 3381 1122 3446 abundant.
1140 3382 1255 3468 Atque
1276 3385 1421 3468 primum
1462 3402 1463 3406 ¹
1534 3431 1538 3440 .

240 3489 387 3576 quidem
423 3510 482 3552 eos
517 3489 611 3552 locos
640 3488 745 3552 oculis
769 3489 923 3553 subicere
949 3491 1060 3567 statui,
1085 3489 1141 3554 ubi
1165 3503 1269 3575 poeta
1293 3505 1352 3555 aut
1372 3493 1423 3555 in·

250 3595 502 3682 dignationibus
538 3608 596 3659 aut
631 3596 923 3660 adhortationibus
956 3610 1092 3682 praeter
1127 3598 1420 3682 exspectationem

250 3718 286 3769 et
303 3717 447 3789 ¹praeter
471 3704 707 3768 necessitatem
731 3704 863 3767 insertis
886 3705 1018 3789 longius
1049 3704 1173 3794 deferri
1209 3725 1316 3785 neque
1353 3705 1422 3769 dis-

249 3811 434 3897 putationis
477 3831 614 3874 cursum
648 3822 765 3874 tenere
796 3810 941 3874 videtur.
987 3811 1046 3876 Ad
1069 3814 1135 3876 hoc
1160 3833 1268 3897 genus
1300 3812 1422 3875 adum-

250 3918 415 3981 brandum
441 3917 656 3981 exordiamur
678 3939 698 3980 a
723 3918 846 3981 satirae
871 3916 912 3980 V.
937 3941 991 3981 vv.
1020 3920 1202 3989 lot—113.
1243 3919 1319 3982 Hoc
1342 3919 1420 3992 loco

250 4037 354 4109 poeta
389 4025 480 4088 haud
518 4026 565 4088 ita
604 4025 688 4090 scite
728 4024 934 4089 ferculorum
968 4026 1256 4090 enumerationem
1307 4025 1421 4089 verbis

250 4131 489 4216 indignationis
527 4130 639 4196 subito
682 4133 889 4218 interpositis
928 4134 1098 4218 dirumpit,
1137 4153 1240 4217 quarn
1264 4131 1308 4196 ob
1348 4155 1421 4196 rem

249 4237 574 4318 Ribbeckius*)
611 4241 713 4304 hosce
752 4261 867 4304 versus
896 4253 933 4304 ut
963 4241 1094 4325 spurios
1118 4239 1266 4302 seclusit.
1313 4238 1422 4315 Quod

251 4367 319 4432 quo
353 4346 426 4432 jure
461 4349 527 4411 hoc
563 4348 631 4430 fiat,
669 4360 704 4410 ut
745 4348 921 4412 diiudicari
956 4347 1074 4431 possit,
1109 4347 1202 4430 prius
1234 4345 1420 4423 videamus,

268 4473 279 4476 η’
298 4471 338 4573 -*)
358 4505 375 4558 l.
388 4472 490 4573 -e—trag
511 4507 561 4559 105
572 4522 628 4572 sqq.
