3254 4864
690 431 909 502 ..7-

211 634 240 698 Β
253 652 271 694 e
285 651 381 715 rgm
394 652 416 692 u
430 650 449 692 e
462 627 472 691 l
485 626 495 690 l
508 649 526 691 e
539 650 556 690 r
568 650 590 690 u
603 629 660 706 s*).
706 625 861 712 Uterque
885 628 929 691 de
946 627 1012 691 hac
1037 626 1234 713 quaestione
1258 627 1386 711 optime

212 739 349 802 meritus
363 749 429 800 est:
449 733 617 800 Strubeus
629 733 758 818 primus
771 747 901 797 rectam
914 734 1003 798 viam
1012 734 1155 819 aperuit,
1173 754 1250 797 cum
1261 745 1386 818 poetae

210 844 472 908 exercitationes
496 841 684 904 rhetoricas
715 840 760 904 ad
783 841 904 904 satiras
928 839 1183 925 componendas
1205 839 1386 925 plurimum

210 951 356 1014 valuisse
369 950 462 1013 haud
478 949 639 1035 ignorans
652 968 695 1010 ex
712 947 824 1010 satiris
840 947 967 1033 figuras
979 945 1052 1010 illas
1064 947 1240 1024 oratorias,
1265 946 1386 1032 quibus

211 1057 383 1142 Juvenalis
422 1058 455 1119 in
496 1054 701 1121 carminibus
745 1054 932 1118 condendis
980 1076 1060 1118 usus
1099 1067 1167 1132 est,
1207 1053 1388 1140 diligenter

213 1165 394 1250 congessit.
441 1162 717 1248 Bergmuellerus
741 1163 774 1225 in
798 1183 839 1226 ea
863 1183 965 1248 quam
990 1160 1157 1226 Strubeus
1188 1161 1387 1224 monstravit

211 1272 265 1335 via
311 1271 446 1357 longius
491 1291 697 1358 progressus
752 1271 786 1334 in
839 1270 996 1334 omnibus
1048 1270 1221 1355 Juvenalis
1278 1271 1389 1334 satiris

211 1378 407 1462 partitionis
445 1378 614 1442 oratoriae
653 1377 874 1441 formularum
910 1398 997 1462 quae
1037 1377 1196 1441 dicuntur
1243 1377 1386 1463 vestigia

212 1495 353 1547 exstare
397 1485 579 1548 rectissime
605 1483 871 1549 demonstravit
917 1505 1043 1570 easque
1091 1485 1179 1548 duce
1225 1482 1388 1569 Seyfferti

212 1589 300 1655 libro
339 1591 393 1676 qui
430 1590 625 1655 inscribitur
651 1590 818 1674 „Scholae
858 1592 1054 1673 latinae“**)
1094 1593 1127 1654 in
1158 1613 1219 1654 sua
1257 1611 1388 1676 genera

217 1695 390 1760 distribuit.
452 1697 575 1783 Neque
615 1711 729 1763 tamen
766 1700 831 1762 hac
871 1721 908 1762 re
955 1699 1229 1785 Bergmuellerus
1279 1708 1388 1760 totam

214 1803 443 1888 quaestionem
493 1805 536 1868 de
574 1804 747 1889 Juvenalis
795 1817 868 1868 arte
907 1807 1161 1890 compositionis
1200 1805 1388 1868 institutam

210 1909 396 1974 absolvisse
421 1911 499 1975 mihi
512 1913 649 1996 quidem
662 1913 805 1978 videtur.
829 1912 966 1975 Etenim
988 1935 1195 1999 quamquam
1207 1911 1387 1996 permulta,

210 2039 299 2102 quae
323 2017 370 2080 ad
392 2019 571 2082 satirarum
595 2020 877 2104 compositionem
901 2021 1178 2103 pertineant,‘ex
1209 2019 1388 2102 disciplina

209 2136 334 2208 poetae
358 2125 530 2190 rhetorica
542 2126 702 2210 profecta
716 2147 790 2190 esse
803 2126 900 2191 nobis
914 2127 1170 2191 concedendum
1188 2137 1249 2202 est,
1273 2138 1388 2189 tamen

209 2232 375 2295 nonnullis
400 2233 483 2296 locis
507 2245 631 2318 poetae
644 2233 733 2296 vires
756 2234 881 2319 ingenii
905 2235 1059 2320 quamvis
1072 2245 1190 2297 tenues
1202 2232 1388 2296 clarissime

211 2339 359 2402 emicare
374 2340 513 2426 eiusque
539 2340 819 2404 consuetudinem
845 2341 1050 2405 rhetoricam
1067 2340 1203 2424 penitus
1231 2341 1389 2404 amissam

210 2466 285 2508 esse
311 2445 408 2510 facile
433 2448 662 2533 cognoscitur.
692 2447 731 2509 ln
757 2448 944 2511 tractandis
968 2468 1050 2510 vero
1074 2447 1125 2510 his
1149 2446 1303 2511 versibus
1320 2467 1388 2532 qua
1420 2505 1422 2509 .

209 2553 264 2614 via
299 2552 397 2617 nobis
431 2553 720 2638 progrediendum
755 2555 813 2630 sit,
853 2554 1029 2618 Vahlenus
1067 2555 1118 2616 vir
1157 2552 1387 2631 doctissimus,

209 2660 338 2744 optime
362 2659 466 2724 docet
484 2661 530 2740 (in
554 2660 667 2724 indice
680 2661 863 2724 lectionum
887 2660 1127 2725 Universitatis
1143 2659 1252 2725 Berol.
1267 2662 1385 2727 aestiV.

217 2766 327 2848 1884).
374 2766 465 2830 Nam
489 2789 620 2830 summa
655 2789 732 2832 cum
756 2766 942 2832 subtilitate
967 2780 1001 2830 et
1031 2768 1200 2853 elegantia
1223 2767 1388 2851 plurimos

208 2895 339 2950 versus,
364 2895 451 2959 quos
474 2874 529 2937 alii
554 2876 616 2937 viri
641 2875 734 2939 docti
757 2876 891 2959 spurios
923 2875 1171 2950 iudicaverunt,
1206 2874 1239 2936 in
1275 2874 1389 2938 locum

209 2981 374 3058 restituit,
414 3001 492 3044 cum
531 3003 667 3066 semper
705 2983 808 3047 totius
856 2982 922 3046 loci
961 2994 1115 3045 tenorem
1155 2981 1313 3044 evolvere
1353 2993 1388 3043 et

212 3087 399 3152 disserendi
455 3089 752 3174 componendique
810 3090 976 3153 rationem
1035 3089 1207 3173 explicare
1241 3089 1387 3152 studet.

211 3192 356 3258 Vahleni
396 3195 547 3281 vestigiis
598 3196 754 3259 insistens
800 3194 1150 3279 Schulzius***)
1199 3193 1389 3259 luculenter

202 3299 255 3363 'de
288 3322 417 3386 genere
453 3302 603 3386 quodam
638 3323 796 3366 versuum
824 3303 1082 3384 ,insiticiorum“
1121 3324 1207 3389 quos
1243 3302 1388 3366 creduut

208 3407 356 3472 disserit.

318 3531 419 3609 Quae
453 3555 531 3599 cum
554 3536 600 3599 ita
624 3536 700 3612 sint,
736 3534 816 3598 mihi
843 3536 1017 3621 proposui,
1052 3547 1089 3599 ut
1128 3535 1239 3599 denuo
1271 3534 1388 3619 paullo

207 3641 402 3705 accuratius
441 3642 473 3705 in
499 3641 672 3726 Juvenalis
711 3653 820 3706 artem
866 3642 1123 3727 compositionis
1170 3642 1388 3727 inquirerem,

209 3767 298 3832 quae
337 3747 487 3810 nondum
532 3749 613 3812 satis
658 3747 841 3833 explanata
887 3749 966 3812 mihi
1013 3749 1157 3812 videtur.
1223 3746 1304 3824 Qua
1352 3749 1387 3811 in

210 3853 411 3938 quaestione·
431 3855 637 3919 instituenda
672 3857 718 3919 ita
758 3856 896 3941 quidem
924 3855 1148 3933 versabimur,
1184 3867 1221 3920 ut
1259 3856 1388 3918 acriter

210 3959 466 4043 interpretando
501 3974 626 4046 poetae
658 3974 807 4026 mentem
843 3976 877 4027 et
901 3963 1078 4039 consilium
1106 3963 1318 4048 indagemus,
1352 3973 1387 4024 et

273 4213 297 4274 ¹⁶)
316 4209 422 4276 Quaest.
442 4211 568 4265 Juvenal.
589 4211 666 4265 Acta.
687 4211 754 4266 Sem.
774 4211 838 4278 phil.
858 4211 996 4279 Erlangen
1016 4213 1093 4266 1886.

256 4297 298 4364 **)
317 4300 428 4368 Leipzig
446 4301 472 4354 1⁸
493 4301 620 4355 187011³
640 4301 718 4355 1872.

241 4387 300 4453 ***)
320 4387 427 4455 Quaest.
446 4389 571 4443 Juvenal.
609 4389 721 4444 Hermes
739 4389 805 4443 XXI
827 4390 903 4445 1886.
