3254 4864
730 382 946 446 -18-

247 582 399 668 praemia
434 581 583 645 omnium
622 579 761 642 militum
798 576 990 642 communia
1024 586 1289 660 pertractantur,
1314 576 1423 639 altera

247 710 314 752 non
350 700 462 752 exstat
496 687 529 750 in
564 683 751 750 codicibus.
799 684 894 748 Illam
929 695 1061 768 partem
1099 693 1203 766 poeta
1227 682 1348 746 iterum
1371 683 1422 747 sic

247 796 432 881 distinguit,
469 806 505 856 ut
541 793 687 877 primum
722 792 873 876 praemia
907 812 928 854 a
951 788 1111 853 militibus
1135 790 1167 852 vi
1191 811 1233 854 ac
1260 790 1422 875 superbia

248 914 419 989 arrogata,
459 913 529 964 tum
577 899 726 985 legitime
766 899 814 962 eis
864 920 884 962 a
934 895 1189 983 magIstratibus
1243 899 1420 983 proposita

248 1019 433 1073 enumeret.
480 1006 535 1070 Ex
574 1008 621 1071 eis
666 1006 789 1092 quibus
835 1006 957 1069 milites
1003 1005 1129 1090 togatis
1182 1002 1420 1089 praeferuntur

246 1115 405 1201 praemiiS
440 1114 613 1199 Juvenalis
649 1115 717 1179 duo
753 1113 862 1194 affert,
898 1113 1059 1177 iudicium
1096 1112 1193 1175 nullis
1218 1095 1420 1199 ambagibus

186 1259 188 1266 ι
247 1222 446 1308 impeditum
482 1222 639 1299 (35-50)
676 1233 709 1284 et
745 1220 802 1284 filii
843 1231 1049 1305 potestatem
1085 1221 1186 1283 etiam
1221 1220 1297 1284 vivo
1321 1233 1420 1306 patre

247 1330 394 1393 testandi
419 1329 587 1408 ‹sl—oo).
612 1326 683 1392 Sed
710 1349 730 1390 a
760 1328 931 1390 contrario
955 1327 1175 1411 proficiscens
1198 1341 1313 1412 poeta,
1337 1341 1421 1414 quot
1449 1369 1452 1374 -

248 1447 443 1522 quantaque
467 1435 620 1520 pericula
644 1435 702 1510 eiS,
727 1456 813 1520 quos
841 1455 955 1514 ,arma
979 1454 1046 1496 non
1070 1438 1219 1519 tegunt,“
1252 1436 1286 1497 in
1311 1437 1426 1500 causis.

248 1529 388 1629 agendis
422 1543 487 1606 sint
522 1541 727 1626 superanda,
764 1541 912 1604 ostendit
945 1561 986 1604 ac
1010 1540 1133 1605 deinde
1158 1540 1265 1605 tribus
1290 1555 1423 1607 tantum
1514 1566 1520 1576 ·

151 1639 155 1646 ’
247 1648 402 1713 versibus
435 1648 592 1729 ‹rs-50)
623 1669 693 1711 rem
725 1650 832 1733 ipsam
855 1648 1102 1733 perstringit.*)
1151 1648 1225 1713 Hac
1250 1662 1364 1714 autem
1388 1653 1421 1715 in

248 1778 284 1820 re
309 1756 405 1819 facile
440 1756 609 1840 quispiam
645 1755 812 1831 offendat,
844 1756 907 1818 nisi
932 1776 1048 1819 secum
1072 1757 1294 1839 reputaverit,
1318 1779 1423 1841 quam

249 1864 374 1948 exigua
397 1874 470 1926 arte
495 1861 539 1925 ab
564 1861 728 1945 Juvenale
752 1863 874 1926 satirae
900 1861 1095 1927 elaboratae
1120 1863 1194 1926 sint.

354 1969 582 2056 Similiterque
619 1990 673 2032 res
709 1990 745 2032 se
782 1968 885 2033 habet
921 1970 954 2032 in
989 1970 1092 2032 satira
1125 1968 1217 2034 XIII.
1275 1970 1312 2034 In
1347 1970 1422 2033 eius

248 2079 467 2163 dispositione
492 2077 704 2141 enucleanda
728 2077 898 2162 sequimur
922 2075 956 2140 R
969 2099 991 2139 u
1004 2099 1026 2160 p
1041 2097 1059 2138 e
1072 2089 1111 2138 rt
1124 2077 1134 2138 i
1148 2099 1169 2138 u
1181 2099 1213 2139 m
1223 2077 1280 2158 ,**)
1305 2079 1362 2162 qui
1387 2078 1420 2140 in

249 2186 407 2249 carminis
431 2185 523 2248 initio
551 2198 678 2264 ,totum
703 2185 773 2247 eius
797 2192 1052 2269 argumentum“
1081 2184 1261 2267 omniaque
1294 2186 1422 2250 solacia

252 2293 304 2370 ,in
328 2291 499 2375 epitomen
524 2293 637 2376 quasi‘
679 2292 820 2355 redacta
856 2289 1008 2354 exhiberi
1045 2303 1078 2353 et
1114 2291 1237 2354 deinde
1279 2294 1421 2377 copiosa

249 2399 403 2462 oratione
440 2399 596 2461 exornari
632 2398 818 2463 rectissime
861 2397 998 2460 iudicat.
1044 2396 1097 2461 De
1129 2419 1195 2460 una
1233 2410 1346 2462 autem
1386 2422 1422 2462 re

248 2504 465 2568 dissentimus
488 2527 508 2568 a
532 2503 713 2589 Ruperti0‚
738 2505 831 2590 quod
855 2525 933 2567 curn
956 2503 1010 2567 ille
1037 2495 1213 2569 exordium
1238 2527 1292 2566 vv.
1315 2506 1364 2567 l-,-
1382 2507 1420 2568 12

250 2612 413 2676 contineri
462 2624 598 2688 statuat,
645 2633 706 2675 nos
748 2635 780 2675 v.
812 2615 855 2673 22
886 2612 1022 2675 demum
1056 2613 1142 2676 finiri
1176 2613 1421 2678 contendimus

249 2717 310 2783 Hc
321 2732 357 2783 rt
366 2718 412 2783 zb
424 2741 442 2783 e
452 2742 468 2782 r
474 2718 604 2806 gti***)
619 2719 795 2794 sententia,
809 2719 866 2803 qui
879 2731 985 2782 totam
1002 2721 1139 2784 satiram
1153 2722 1237 2785 duas
1250 2722 1284 2785 in
1307 2733 1426 2806 partes

250 2827 467 2893 dividendam
502 2847 577 2890 esse
614 2839 729 2889 censet
764 2847 908 2912 quarum
943 2828 976 2889 in
1000 2828 1106 2892 altera
1130 2829 1173 2892 de
1197 2829 1422 2913 philosophia,

249 2935 356 2998 altera
381 2934 424 2997 de
448 2934 570 3018 peritia
594 2934 734 2998 tractari
758 2933 812 2996 ille
838 2955 879 2996 ex
904 2956 957 2998 vv.
988 2936 1024 3000 19
1039 2957 1113 3021 sqq.
1131 2936 1265 3018 conicit,
1281 2957 1422 3020 prorsus

253 3040 425 3106 reicienda
449 3041 546 3104 nobis
571 3041 715 3104 videtur.
763 3039 832 3105 Sed
868 3042 958 3104 illam
987 3043 1187 3106 sententiam
1215 3042 1426 3128 generalem,

250 3169 338 3234 quae
362 3171 414 3212 vv.
443 3148 570 3234 I9sqq.
595 3149 797 3225 continetur,
821 3149 883 3212 nisi
908 3148 1015 3225 fallor,
1041 3161 1144 3233 poeta
1179 3150 1421 3234 interposuisse

250 3255 393 3334 videtur,
430 3276 507 3341 qua,
544 3267 581 3318 ut
616 3256 650 3318 in
686 3267 839 3319 extremo
865 3257 987 3320 satirae
1013 3256 1154 3319 exordio
1184 3256 1300 3320 iacere
1325 3257 1422 3336 solet,

250 3363 426 3446 superiora
462 3362 610 3449 colligat.
667 3362 894 3447 Exploremus
934 3363 1036 3449 igitur
1080 3362 1183 3447 paulo
1230 3365 1430 3426 accuratius-

250 3470 347 3532 huius
371 3469 494 3533 satirae
519 3470 783 3554 dispositionem.
831 3469 888 3535 Sic
913 3470 983 3536 fere
1006 3482 1110 3555 poeta
1134 3469 1299 3555 loquitur:
1337 3469 1426 3533 Sunt

252 3576 347 3640 multi
370 3576 598 3654 fraudatores,
623 3577 728 3640 multo
752 3577 868 3662 plures
893 3578 970 3642 mali
994 3599 1097 3663 quam
1113 3576 1193 3643 boni
1206 3581 1253 3661 (v.
1265 3578 1307 3639 23
1324 3615 1340 3620 --
1355 3577 1426 3658 38).⁴

251 3705 461 3712 ——-—--

316 3753 343 3818 *t
363 3754 504 3807 Assentior
523 3755 615 3808 Beerio
636 3753 736 3821 (Spicil.
756 3754 879 3807 Juvenal.
901 3755 968 3808 1885
978 3771 1040 3824 pag.
1051 3759 1106 3822 46),
1118 3756 1163 3822 qui
1173 3753 1242 3821 quod
1265 3753 1423 3806 scholiastes

358 3842 449 3910 exigui
466 3844 566 3897 satime
584 3844 649 3896 XVI
668 3842 794 3920 ambitus
811 3859 918 3896 causam
938 3843 1033 3898 allerre
1056 3845 1153 3909 omisit,
1173 3858 1226 3909 qua
1245 3844 1345 3908 optime
1364 3858 1420 3895 earn

358 3932 391 3984 ab
410 3931 542 3985 Juvenale
570 3932 724 3986 abiudicare
745 3939 843 3998 posset,
864 3947 939 3986 exeo
953 3933 1076 3986 concludi
1089 3947 1166 4000 posse
1179 3931 1299 3984 affirmat
1311 3933 1422 3984 satiram

357 4037 410 4075 non
430 4023 611 4089 lragmcntum
639 4038 655 4074 a
684 4028 763 4087 poeta
791 4022 834 4074 vel
859 4021 893 4075 ab
918 4022 1011 4076 amicis
1036 4021 1219 4089 Imperfectum
1239 4022 1337 4075 editam
1357 4036 1422 4088 esse,

358 4110 403 4162 sed
413 4125 476 4163 casu
486 4109 575 4176 aliquo
586 4110 652 4163 folla
662 4110 758 4163 ultima
768 4109 865 4164 codicis
876 4111 1014 4178 archetypi
1025 4110 1237 4175 intercidissent
1244 4110 1422 4165 Buechelerus

409 4213 442 4250 ¹n.
461 4199 529 4252 Mur.
549 4199 604 4263 29).

425 4293 476 4342 sat.
495 4287 619 4342 Juvenal.
640 4305 661 4343 c.
681 4297 820 4343 comment.
841 4290 952 4357 Leipzig
973 4289 1049 4344 1819.

425 4378 496 4432 relat.
516 4386 568 4434 sat.
586 4379 710 4434 Juvenal.
730 4378 870 4448 stuttgart
890 4380 1062 4445 (1864-67).
