3254 4864
698 379 920 443 ,29-

218 585 367 670 primum
402 581 471 644 hoc
506 574 846 642 animadvertendum
881 587 934 639 est
968 588 1106 660 poetam
1142 595 1401 660 saepenumero,

222 693 250 756 si
284 691 327 755 ab
359 709 432 752 una
458 683 696 769 disputationis
719 695 817 768 parte
840 682 886 747 ad
908 681 1051 746 alteram
1076 682 1205 758 transit,
1230 682 1402 767 simplices

222 821 262 864 ac
288 798 426 862 solutae
449 793 562 878 potius
587 811 688 878 quam
719 791 876 875 poeticae
900 790 1043 854 orationi
1068 789 1308 854 convenientes
1332 789 1403 854 lor-

221 927 303 970 mas
344 920 517 986 usurpare.
567 897 762 962 Intueamur
785 897 891 962 hosce
914 896 1024 962 locos:
1060 909 1123 962 sat.
1159 896 1220 974 IV,
1256 897 1292 962 11
1321 895 1404 976 ,sed

225 1031 323 1075 nunc
358 1009 431 1085 de‚“
471 1005 533 1088 VI,
570 1005 610 1069 59
649 1003 762 1089 „quod
786 1025 862 1068 cum
886 1004 933 1067 ita
957 1003 1028 1079 sit‚“
1056 1002 1148 1080 VIII,
1174 1005 1214 1069 98
1239 1015 1273 1068 et
1296 1001 1403 1082 X1,9

242 1121 393 1203 „porro“,
417 1113 482 1190 Xl,
508 1113 549 1184 70
584 1123 618 1175 et
651 1109 749 1186 XVI,
787 1111 824 1174 51
859 1117 1088 1196 „praeterea,“
1115 1111 1248 1197 aliaque
1273 1110 1403 1176 similia.

229 1224 300 1288 Has
336 1223 481 1308 quidem
515 1217 700 1305 particulas
736 1217 933 1294 rhetoricas,
957 1219 1120 1303 imprimis
1144 1239 1227 1282 vero
1251 1240 1309 1283 eas
1333 1217 1406 1282 tor-

228 1330 355 1406 mulas,
380 1326 504 1413 quibus
528 1325 571 1390 ad
594 1323 739 1388 maiores
763 1325 977 1411 minoresque
1000 1325 1096 1390 locos
1113 1326 1274 1390 transitus
1307 1326 1402 1402 liunt,

227 1434 508 1522 Bergmuellerus
525 1431 677 1514 (Quaest.
694 1432 848 1518 Juvenal.
864 1431 1037 1518 Erlangen
1058 1433 1219 1518 1880pag
1232 1434 1296 1510 413
1312 1437 1402 1518 sqq.)

235 1555 307 1607 tam
331 1541 468 1626 copiose
492 1540 671 1625 congessit,
696 1551 733 1602 ut
756 1538 836 1603 addi
860 1539 940 1602 nihil
963 1539 1069 1624 possit
1093 1559 1206 1624 supra.

343 1647 439 1724 Quae
462 1646 632 1732 Juvenalis
664 1644 875 1710 consuetudo
899 1646 1053 1730 quamvis
1076 1645 1120 1709 ab
1144 1646 1200 1711 illo
1224 1647 1296 1712 viro
1320 1648 1406 1713 doc-

240 1755 358 1818 tissimo
392 1755 473 1819 satis
510 1753 689 1840 diligenter
723 1751 897 1837 explicata
931 1765 965 1816 et
1001 1751 1136 1818 uberius
1160 1755 1325 1821 illustrata
1349 1757 1401 1833 sit,

157 1901 159 1906 ,
236 1874 345 1925 tamen
369 1861 602 1947 quaestionem
625 1859 775 1923 nondum
798 1859 843 1924 ad
866 1859 957 1925 hunc
980 1861 1080 1926 finem
1104 1862 1307 1946 perductam
1328 1883 1404 1926 esse

236 1989 423 2045 censemus,
447 1980 492 2044 ut,
506 1969 562 2052 qui
574 1967 687 2032 denuo
701 1988 776 2030 eam
792 1989 930 2032 movere
947 1990 1104 2055 novaque
1121 1968 1197 2033 luce
1214 1989 1401 2053 aspergere

241 2086 388 2150 conetur,
410 2074 441 2137 in
463 2095 499 2138 re
523 2074 705 2138 manifesta
729 2095 870 2158 operam
894 2075 1039 2158 perdere
1065 2074 1230 2138 videatur.

343 2197 452 2286 Atque
483 2199 574 2262 illam
610 2211 735 2284 poetae
772 2200 1052 2264 consuetudinem
1076 2200 1274 2264 transeundi
1299 2198 1400 2263 valde

243 2307 395 2369 miramur
427 2305 597 2370 nonnullis
622 2306 747 2370 criticis
775 2317 845 2369 tam
868 2310 970 2392 gravi
1001 2308 1183 2384 offensioni
1215 2307 1330 2384 tuisse,
1366 2319 1405 2370 ut

238 2412 418 2476 huiusmodi
464 2413 550 2476 locis
592 2413 773 2498 genuinam
813 2415 972 2478 transitus
1007 2415 1188 2478 formulam
1235 2414 1405 2478 excidisse

234 2533 420 2584 censerent.
477 2519 777 2604 Weidnerus*)
817 2522 955 2606 quidem
993 2522 1026 2585 in
1050 2523 1174 2586 satirae
1206 2520 1293 2585 XVI
1323 2533 1402 2607 post

234 2647 363 2690 versum
398 2628 440 2689 34
477 2627 667 2691 orationem
697 2649 855 2692 mancam
877 2630 1093 2693 statuendam
1117 2650 1191 2694 esse
1226 2627 1289 2692 sibi
1324 2650 1405 2712 per-

237 2733 341 2796 suasit.
393 2733 452 2797 Ad
502 2732 738 2798 stabiliendam
778 2753 873 2798 suam
921 2736 1122 2798 sententiam
1169 2755 1250 2797 sane
1301 2735 1403 2797 miras

239 2860 352 2904 causas
377 2841 481 2906 affert
504 2841 586 2905 has:
623 2841 707 2920 ,Die
731 2840 957 2926 Verbindung
980 2841 1040 2903 mit
1052 2840 1129 2904 dem
1151 2841 1404 2926 vorausgehen·

230 2947 296 3012 den
319 2947 397 3012 Teil
419 2947 462 3012 ist
485 2948 641 3013 verloren
665 2970 859 3035 gegangen.
906 2946 1088 3012 Vielleicht
1122 2947 1164 3010 ist
1195 2946 1257 3010 der
1289 2934 1402 3012 Uber·
1491 3017 1501 3034 ·

229 3075 322 3140 gang
356 3055 410 3118 ein
446 3063 601 3140 spaterer
635 3056 772 3133 Zusatz,
819 3056 995 3141 versertigt
1030 3057 1089 3119 mit
1119 3055 1313 3120 Rncksicht
1343 3055 1410 3119 auf

229 3160 319 3225 Vers
345 3163 394 3233 7.“
433 3161 503 3227 Sed
536 3165 563 3228 si
598 3165 681 3250 quis
708 3187 739 3227 v.
777 3162 818 3227 35
842 3164 1009 3249 posterius
1032 3163 1303 3228 additamentum
1328 3183 1401 3238 esse

228 3281 337 3353 putat,
355 3270 389 3332 'is
412 3270 504 3333 idem
527 3271 572 3334 de
595 3292 697 3334 versu
723 3271 738 3341 7
764 3270 914 3335 iudicare
938 3270 1051 3335 debet.
1092 3271 1215 3356 Neque
1231 3291 1313 3335 vero
1334 3270 1402 3334 hoc

228 3376 306 3440 loco
329 3376 514 3462 quidquam
527 3378 724 3442 offensionis
733 3376 883 3459 restabit,
908 3377 989 3441 dum
1012 3378 1114 3443 modo
1138 3390 1231 3442 recte
1267 3389 1405 3442 senten-

229 3483 350 3546 tiarum
373 3505 513 3547 nexum
548 3485 755 3549 evolvamus.
802 3483 949 3549 Videtur
984 3486 1073 3549 enim
1108 3485 1239 3570 ecloga,
1274 3484 1402 3548 utiam

230 3611 332 3674 supra
356 3589 671 3668 demonstravimus,
696 3582 781 3655 duas
803 3604 920 3676 partes
936 3591 1106 3668 habuisse,
1129 3612 1273 3677 quarum
1288 3593 1400 3677 priore

235 3696 329 3759 etiam
364 3716 455 3759 nunc
488 3710 624 3760 servata
657 3698 808 3782 praemia
844 3698 992 3762 omnium
1025 3699 1166 3763 militurn
1209 3700 1401 3764 communia

230 3815 491 3884 pertractantur.
556 3803 655 3869 Hanc
701 3807 825 3870 satirae
872 3817 1006 3890 partem
1049 3819 1153 3892 poeta
1189 3807 1311 3870 iterum
1350 3807 1399 3889 sic

229 3907 414 3996 distinguit,
451 3921 487 3973 ut
521 3911 668 3995 primum
703 3913 856 4003 praemia
885 3912 1086 3997 amilitibus
1110 3914 1144 3974 vi
1167 3933 1207 3976 ac
1233 3912 1395 3998 superbia
1477 3929 1482 3938 ·

226 4026 400 4102 arrogata,
438 4029 510 4080 tum
557 4018 705 4104 legitime
745 4020 793 4082 eis
844 4041 863 4082 a
915 4017 1168 4105 magistratibus
1222 4020 1400 4104 proposita

226 4134 413 4189 enumeret.
463 4123 562 4202 Quae
587 4146 665 4190 cum
688 4126 735 4190 ita
758 4127 834 4205 sint,
859 4147 975 4191 versus
999 4125 1041 4190 35
1066 4127 1321 4191 accuratissime
1355 4127 1403 4191 ad,

202 4345 207 4352 ’
293 4351 402 4418 *ledit
423 4355 478 4409 Sat.
498 4356 559 4410 Juv.
579 4373 642 4426 pag.
662 4358 723 4413 308.
