3254 4864
708 357 960 433 -34--·

343 566 439 630 Haec
463 565 646 642 fetosum,
670 587 759 651 quae
784 567 826 631 de
851 567 1025 652 Juvenalis
1049 582 1122 634 arte
1153 573 1436 656 compositionis

235 674 403 739 monenda
438 673 550 738 habui.
597 673 646 739 Ut
681 674 747 737 iam
787 673 938 740 breviter
973 675 1192 760 complectar,
1230 699 1321 764 quae
1349 681 1429 745 dis-

235 783 410 868 putatione
434 781 546 846 adhuc
562 780 747 845 illustrasse
763 781 860 846 nobis
876 782 1041 858 videmur,
1065 803 1196 846 summa
1212 785 1300 849 haec
1332 790 1423 852 erit:

340 889 512 976 Juvenalis
544 910 648 977 quum
683 889 789 953 multa
817 911 914 953 suum
940 891 1111 976 ingenium
1135 902 1169 954 et
1193 891 1417 977 disciplinam

234 1000 440 1063 rhetoricam
479 1009 614 1060 secutus
653 997 748 1060 novis
789 1009 822 1060 et
856 997 998 1060 insolitis
1038 998 1147 1062 modis
1184 1015 1415 1084 componeret

234 1101 465 1190 compluribus
489 1104 571 1168 locis
596 1123 672 1168 cum
695 1104 931 1189 perspicuitati
947 1116 1019 1167 tum
1040 1106 1228 1192 elegantiae
1246 1109 1412 1174 orationis

234 1233 394 1298 magnum
425 1213 664 1276 detrimentum
698 1211 820 1288 attulit,
848 1233 959 1298 neque
996 1212 1097 1277 licere
1132 1211 1230 1277 nobis
1262 1215 1402 1292 videtur,

234 1319 341 1383 sicubi
363 1320 546 1384 sententias
570 1319 680 1382 minus
702 1319 912 1382 necessarias
935 1330 993 1382 aut
1017 1339 1290 1404 supervacaneas
1315 1320 1407 1408 apud.

234 1451 312 1493 eum
329 1429 626 1515 deprehendimus,
640 1428 703 1490 has
715 1439 752 1489 ut
765 1426 927 1490 orationis
941 1426 1158 1490 concinnitati
1174 1440 1406 1513 repugnantes-

234 1549 373 1601 etextu
409 1537 529 1602 eicere.
578 1535 669 1599 Nam
692 1535 817 1598 multae
841 1532 1070 1615 difficultates,
1096 1533 1217 1619 quibus
1234 1535 1297 1597 viri
1314 1535 1405 1600 docti

234 1637 357 1709 offe'nsi
395 1656 484 1721 sunt,
519 1656 614 1709 recta
650 1641 926 1728 interpretatione
962 1661 994 1704 e.
1016 1639 1128 1704 medio
1156 1640 1227 1704 tolli
1252 1654 1408 1725 possunt,

177 1787 183 1800 ·
232 1773 343 1839 neque
367 1751 551 1816 Ribbeckii
574 1751 812 1816 violentissima
835 1749 965 1812 ratione
989 1747 1108 1811 critica
1124 1769 1235 1833 neque
1247 1748 1409 1812 Teuffelii

233 1860 378 1946 duplicis
413 1859 620 1924 recensionis
654 1857 784 1921 ratione
809 1855 855 1919 ad
876 1875 934 1918 eas
957 1855 1184 1921 removendas
1220 1875 1304 1941 opus
1328 1874 1407 1918 esse

231 1967 329 2032 nobis
352 1967 490 2054 quidem
513 1966 654 2030 videtur.
