3254 4864
674 423 804 485 „25
853 461 895 470 --

188 641 362 706 quorsum
386 618 508 704 ecloga
532 631 674 702 spectet.
714 617 918 681 Rectissime
943 617 1156 682 Ribbeckius
1179 617 1282 682 docet
1305 619 1371 682 hoc

188 729 345 790 maxime
369 738 508 813 poetam
526 726 653 810 egisse,
678 737 762 810 quot
793 725 996 809 quantisque
1020 726 1230 789 contumeliis
1265 725 1370 789 cliens

193 834 249 897 ille
287 833 468 897 vilissimus
504 833 591 895 inter
626 853 751 896 cenam
781 853 801 895 a
836 831 941 895 divite
977 833 1122 916 patrono
1158 831 1303 896 affectus
1328 832 1371 894 sit

185 962 360 1004 »enarrare
399 961 440 1004 eo
480 941 692 1024 potissimum
741 938 892 1014 consilio,
932 952 968 1002 ut
1018 940 1158 1024 parasiti
1205 939 1370 1023 pudorem

187 1049 379 1112 excitaret.
426 1045 639 1110 Narrationis
675 1058 790 1109 autem
814 1067 881 1131 qua
906 1046 1036 1110 ratione
1060 1045 1232 1130 Juvenalis
1255 1047 1371 1120 utitur,

195 1155 271 1218 fieri
307 1176 374 1218 non
421 1165 568 1238 poterat,
619 1153 700 1239 quin
751 1153 914 1239 legentes,
956 1154 1086 1216 etiamsi
1124 1153 1159 1216 id
1197 1167 1299 1237 poeta
1337 1153 1371 1214 in

192 1263 311 1326 animo
349 1283 418 1324 non
457 1259 608 1341 haberet,
649 1260 693 1324 ad
735 1242 912 1344 patronum
954 1260 1239 1324 contemnendum
1283 1259 1370 1322 ultro

189 1369 462 1432 adducerentur.
508 1365 566 1430 An
599 1388 667 1430 non
702 1367 828 1430 laetitia
858 1365 1006 1452 quadam
1037 1366 1186 1451 singulos
1210 1366 1371 1429 orationis

198 1475 345 1539 aculeos
370 1476 470 1538 etiam
494 1474 527 1536 in
551 1472 722 1537 dominum
748 1493 930 1537 conversos
953 1471 1130 1536 videmus?
1159 1471 1371 1536 Ribbeckius

196 1582 340 1668 quidem
372 1581 406 1645 id
440 1601 576 1667 quoque
611 1593 750 1664 poetam
785 1593 958 1664 spectasse
988 1593 1102 1665 negat,
1127 1580 1252 1665 quippe
1276 1580 1370 1664 quod

201 1709 223 1750 a
248 1689 387 1773 simplici
412 1688 552 1773 eclogae
584 1700 703 1751 tenore
728 1700 763 1751 et
786 1687 1014 1751 concinnitate
1039 1684 1229 1750 abhorreat.
1277 1684 1371 1762 Quid

200 1817 282 1860 vero
316 1817 445 1882 quaeso
482 1793 544 1858 sibi
580 1795 696 1858 volunt
731 1795 784 1858 isti
817 1815 935 1858 versus
969 1795 1011 1856 32
1045 1805 1078 1857 et
1107 1794 1148 1856 33
1180 1791 1369 1871 „Cardiaco

193 1924 384 1988 numquam
418 1902 579 1987 cyathum
612 1902 771 1965 missurus
806 1903 932 1976 amic03
969 1900 1056 1965 Cras
1100 1899 1193 1964 bibet
1228 1898 1370 1962 Albanis

197 2010 331 2095 aliquid
355 2010 396 2073 de
419 2007 588 2072 montibus
611 2021 670 2072 aut
694 2010 736 2073 de
760 2007 883 2072 Setinis
910 2012 980 2090 —-,“
1009 2007 1091 2092 quid
1113 2029 1165 2070 vv.
1188 2004 1369 2079 132-145,

206 2118 267 2180 nisi
302 2117 412 2181 facete
441 2117 663 2181 humilitatem
700 2128 733 2179 et
767 2114 1018 2200 improbitatem
1045 2114 1156 2177 divitis
1181 2109 1369 2196 castigant?

209 2224 337 2289 Eodem
371 2247 421 2290 vv.
457 2225 629 2297 107-113
660 2235 817 2308 spectare
841 2243 953 2307 neque
977 2223 1077 2284 alieni
1101 2241 1120 2282 a
1143 2231 1267 2304 poetae
1290 2239 1372 2282 con-

202 2331 275 2395 silio
314 2352 386 2394 esse
426 2332 591 2395 videntur.
647 2330 888 2394 Desideramus
928 2329 1065 2415 quidem
1113 2327 1200 2390 hanc
1247 2326 1374 2390 satirae.

204 2451 334 2524 partem
370 2440 474 2503 artius
510 2461 588 2502 cum
623 2436 902 2502 antecedentibus
934 2435 1086 2500 versibus
1110 2434 1254 2498 conecti.
1301 2431 1373 2496 Re-

204 2547 363 2631 quirimus
387 2547 488 2610 etiam
516 2547 548 2608 in
581 2539 800 2632 digressionis
832 2545 897 2607 fine
927 2543 1129 2629 particulam
1154 2540 1370 2613 transitionis

204 2673 271 2736 qua
317 2665 420 2738 poeta
460 2673 479 2716 a
515 2652 716 2717 diverticulo
751 2652 796 2716 ad
821 2662 951 2714 rectum
976 2649 1179 2713 narrationis
1202 2647 1369 2710 tramitem

207 2759 398 2824 descendat.
447 2758 518 2824 Sed
541 2759 692 2823 similiter
716 2779 768 2822 res
793 2780 830 2821 se
853 2757 1025 2821 habetin
1061 2754 1214 2818 eiusdem
1246 2753 1369 2816 satirae

204 2889 256 2929 vv.
284 2869 343 2930 131)
356 2889 432 2953 sqq.
480 2867 555 2930 Hoc
588 2887 724 2951 quoque
758 2866 835 2929 loco
869 2878 971 2950 poeta
1003 2862 1212 2948 digressione
1249 2883 1280 2922 v.
1309 2849 1369 2921 145

200 2972 358 3037 absoluta
381 2973 460 3037 illuc
484 2973 574 3036 unde
598 2971 682 3034 abiit
699 2972 833 3035 rediens
846 2971 937 3034 nullo
955 2970 1096 3033 transitu
1112 2979 1233 3053 parato
1251 2987 1371 3031 cenam

201 3080 400 3145 describere
441 3081 564 3165 pergit.
610 3076 793 3142 Enimvero
828 3078 1057 3162 indignatione
1094 3077 1159 3140 imo
1193 3097 1236 3138 ex
1260 3074 1371 3136 animo

198 3188 419 3251 vehementer
456 3186 564 3250 effusa
598 3207 653 3249 ars
688 3185 743 3248 illa
776 3185 1004 3269 componendi
1039 3205 1120 3246 sane
1162 3183 1287 3267 exigua
1314 3201 1372 3243 ex·

198 3305 351 3356 cusatur.
387 3292 564 3356 Eiusmodi
588 3292 741 3355 iracundi
758 3292 857 3355 animi
870 3290 1017 3354 motibus
1030 3293 1187 3377 quotiens
1199 3288 1371 3373 Juvenalis

197 3401 304 3464 totius
328 3400 564 3484 disputationis
586 3414 741 3463 tenorem
764 3421 884 3483 parum
909 3400 992 3462 scite
1024 3398 1219 3481 dirumpere
1252 3396 1371 3470 soleat,

197 3508 225 3570 si
254 3508 329 3591 quis
353 3507 535 3570 attenderit
559 3507 652 3569 velut
675 3507 707 3568 in
732 3506 854 3569 satirae
878 3505 909 3568 ΙΙ
932 3527 986 3567 vv.
1016 3505 1072 3566 121
1093 3524 1179 3588 sqq„
1209 3504 1268 3565 120
1285 3523 1370 3588 sqq.‚

176 3614 263 3690 *IV‚
288 3636 342 3676 vv.
379 3615 520 3690 <ro-08,
554 3612 689 3676 cavebit
723 3613 887 3687 nimirum,
922 3633 964 3674 ne
999 3613 1096 3686 haec,
1121 3631 1208 3694 quae
1232 3630 1371 3694 prorsus

197 3743 269 3785 non
293 3720 337 3783 ab
361 3720 525 3804 Juvenale
549 3720 659 3784 aliena
682 3732 769 3794 sunt,
793 3718 837 3781 ab
862 3739 902 3781 eo
928 3717 1110 3780 abiudicet.

310 3843 381 3908 Sed
420 3845 486 3907 iam
526 3857 763 3909 convertamus
802 3845 950 3907 animum
988 3843 1034 3906 ad
1072 3863 1131 3906 eos
1170 3842 1275 3918 locos
1314 3840 1372 3904 ubi

197 3965 307 4038 poeta
341 3952 595 4016 adhortationes
631 3951 785 4015 versibus
821 3949 1054 4036 compluribus
1089 3949 1236 4013 inclusas
1271 3949 1372 4012 inter-

198 4061 300 4146 ponit
334 4059 424 4122 nulla
462 4059 527 4122 alia
560 4079 674 4134 causa,
711 4070 747 4121 ut
783 4059 862 4121 mihi
899 4057 1034 4142 quidem
1060 4057 1203 4132 videtur,
1239 4055 1300 4118 nisi
1336 4066 1372 4117 ut

201 4167 361 4251 rapidum
409 4167 611 4231 narrationis
662 4166 787 4228 flumen
830 4165 1003 4250 paululum
1044 4164 1204 4227 retardet.
1267 4161 1371 4225 Cuius

200 4273 344 4359 quidem
371 4275 507 4360 generis
540 4273 644 4336 multa
669 4293 712 4336 ex
736 4273 846 4336 satiris
879 4270 1035 4355 exempla
1074 4270 1184 4354 promi
1219 4279 1371 4355 possunt.

203 4379 277 4444 Sed
300 4381 381 4444 satis
394 4401 468 4444 esse
486 4381 566 4444 mihi
582 4379 716 4444 videtur
732 4401 834 4443 unum
852 4379 1044 4463 exemplum
1060 4377 1163 4461 paulo
1181 4376 1370 4463 diligent*

193 4486 391 4572 explicare,
427 4488 518 4574 quod
552 4488 696 4574 legimus
730 4488 764 4550 in
798 4487 919 4550 satirae
943 4484 994 4549 IX
1017 4506 1071 4547 vv.
1100 4485 1270 4547 118-123
