3254 4864
678 407 898 470 ..19-.

196 607 291 670 Tum
315 583 502 668 deflectens
538 624 559 665 a
586 603 764 687 proposito
796 613 914 687 vpoeta
953 607 1086 666 morum
1124 601 1375 685 simplicitatem

90 693 94 700 '
197 726 355 778 veterum
386 708 550 774 describit
580 708 749 792 <ss-59),
782 721 815 773 et
839 708 916 772 tuuc
940 709 1086 790 rediens,
1110 708 1200 771 unae
1226 707 1375 783 deflexit,

196 820 404 907 pravitatem
441 837 585 893 morum,
622 837 710 901 quae
745 828 817 879 tum
854 815 963 895 fuerit,
999 814 1190 879 adumbrat.
1216 815 1314 897 (-74
1329 817 1374 895 v.)

196 926 336 990 Deinde
371 925 469 987 huius
502 924 551 986 rei
588 943 708 986 causas
745 922 894 988 afferens
929 923 1092 1006 periacile
1117 943 1192 986 esse
1217 922 1375 1005 ostendit,

192 1046 306 1098 testes
341 1043 563 1095 contemnere
594 1051 735 1114 superos
771 1041 805 1092 et
840 1029 1011 1107 describit,
1045 1030 1217 1116 quomodo
1241 1031 1377 1114 peiurus

202 1141 340 1227 quidam
375 1159 413 1202 se
447 1149 546 1223 gerat
578 1137 624 1220 (v,
660 1135 815 1220 75-85).
864 1135 931 1200 Alii
955 1137 1043 1199 enim
1066 1136 1150 1200 deos
1175 1158 1248 1200 esse
1273 1158 1377 1223 quum

200 1247 426 1334 negentsine
451 1245 516 1307 ulla
531 1245 746 1308 cunctatione
770 1244 935 1328 peierant,
959 1244 1014 1308 alii
1041 1243 1125 1308 deos
1150 1244 1284 1324 quidem
1303 1265 1377 1307 esse

200 1366 335 1441 putant,
372 1365 488 1416 tamen
522 1351 664 1414 avaritia
715 1351 831 1414 aliisve
869 1352 979 1415 causis
1019 1353 1181 1416 commoti
1223 1352 1378 1437 peierant

202 1466 274 1544 (vv.
298 1460 463 1539 ,ao-89).
508 1459 602 1522 Duas
637 1458 709 1521 illas
745 1459 848 1522 series
892 1457 1137 1522 versiculorum
1179 1458 1308 1529 75-85
1345 1472 1378 1522 et

203 1569 338 1632 86-89
352 1565 652 1646 Ribbeckius*)
675 1565 947 1649 transponendas
971 1587 1047 1629 esse
1069 1566 1267 1643 arbitratur,
1286 1566 1379 1653 quod

181 1672 182 1675 ’
208 1676 263 1739 illa
287 1676 319 1737 in
342 1673 546 1748 universum,
575 1674 662 1737 haec
693 1675 831 1758 proprie
861 1673 1053 1739 dictasint.
1101 1673 1252 1737 Primum
1276 1695 1379 1759 quarn

207 1795 277 1846 arte
310 1804 363 1844 vv.
403 1780 534 1844 86-89
558 1800 636 1842 cum
658 1782 814 1864 proxime
846 1781 1067 1866 sequentibus
1092 1782 1309 1857 cohaereant,
1335 1802 1378 1844 ex

204 1890 417 1974 oppositione
442 1885 625 1950 verborum
653 1888 848 1972 ,intrepidi“
869 1888 913 1970 (v.
933 1889 987 1969 89)
1003 1900 1036 1951 et
1052 1892 1242 1967 ,metuens“
1263 1891 1308 1970 (v.
1324 1889 1377 1969 90)

202 1995 305 2059 facile
330 1996 493 2080 cognosci
529 2006 653 2079 potest.
712 1994 803 2057 Tum
838 2008 941 2080 poeta
977 1995 1186 2080 digressione
1222 1995 1379 2058 absoluta

206 2105 250 2180 (v.
277 2102 331 2182 88)
355 2101 487 2164 adeam
504 2101 597 2164 unde
623 2122 720 2165 orsus
732 2112 784 2164 est
802 2105 868 2182 (vv.
890 2102 928 2172 75
946 2103 1034 2186 sqq.)
1051 2102 1253 2164 sententiam
1268 2102 1378 2165 redire

208 2208 352 2283 videtur,
376 2229 440 2292 qua
464 2208 613 2271 affirmat
637 2207 735 2273 facile
760 2220 794 2271 et
810 2229 954 2292 pronum
973 2229 1047 2271 esse
1065 2208 1147 2272 deos
1161 2221 1379 2272 contemnere

211 2337 353 2400 eamque
388 2315 497 2378 causis
534 2315 643 2378 allatis
688 2314 915 2400 comprobare
952 2316 1152 2398 conatur**)
1189 2317 1379 2398 (ss-119).

207 2422 289 2485 inde
312 2443 332 2484 a
349 2445 379 2484 v.
401 2423 461 2486 120
479 2421 644 2485 eiusmodi
659 2423 836 2486 transitum
852 2423 969 2498 efficit,
986 2435 1022 2486 ut
1038 2444 1163 2486 novum
1178 2424 1381 2488 solaciorum

204 2549 313 2614 genus
358 2528 476 2591 afferri
523 2540 771 2613 exspectemus
819 2529 942 2614 Neque
993 2541 1107 2593 tamen
1148 2531 1236 2595 hanc
1284 2552 1381 2615 spem

208 2634 427 2719 sequentibus
452 2635 605 2698 versibus
621 2636 769 2721 explere
793 2637 937 2700 videtur.
973 2635 1064 2700 Nam
1088 2659 1125 2700 re
1150 2659 1230 2700 vera
1254 2637 1299 2700 ad
1323 2645 1396 2701 eas

155 2824 157 2828 y
211 2762 339 2818 causas,
374 2741 497 2827 quibus
532 2743 598 2804 iam
633 2765 685 2808 vv.
722 2743 853 2814 23-75
890 2744 1035 2806 amicum
1067 2765 1205 2807 summa·
1225 2745 1381 2828 deposita
1438 2817 1440 2822 ¹

208 2847 402 2911 fraudatum
427 2849 598 2913 consolari
626 2849 813 2926 studuerat,
849 2851 977 2932 recidit,
1002 2871 1087 2935 quas
1111 2872 1200 2915 nunc
1225 2851 1381 2915 uberiore

209 2955 361 3018 oratione
375 2955 534 3039 explicat.
551 2955 652 3032 Quae
666 2977 744 3020 cum
756 2957 803 3020 ita
820 2958 896 3033 sint,
908 2978 1113 3041 quamquam
1123 2958 1382 3022 concedendum

208 3074 273 3137 est,
314 3062 467 3126 ordinem
503 3085 616 3126 rerum
654 3085 722 3127 non
761 3063 848 3127 bene
887 3087 907 3126 a
937 3076 1040 3149 poeta
1069 3063 1266 3128 distinctum
1296 3086 1381 3141 esse,

209 3178 324 3231 tamen
358 3170 471 3253 potius
507 3170 668 3233 traditum
704 3165 949 3235 versiculorum
984 3171 1137 3234 ordinem
1178 3171 1382 3235 servandum

209 3295 284 3338 esse
311 3273 521 3340 arbitramur.
532 3275 596 3357 ***)

318 3380 442 3444 Mirum
478 3403 563 3446 vero
587 3404 630 3447 ac
667 3384 838 3468 singulare
875 3385 1068 3469 exemplum
1103 3385 1231 3449 ordinis
1270 3407 1382 3449 rerum

207 3487 311 3551 valde
346 3488 527 3552 disturbati
560 3490 593 3552 in
629 3491 733 3554 satira
768 3490 784 3553 I
818 3502 953 3555 exstare
979 3493 1059 3555 mihi
1083 3491 1228 3555 videtur.
1274 3490 1382 3555 Poeta

211 3594 302 3656 enim
325 3594 404 3658 inde
428 3616 449 3658 a
474 3619 505 3658 v.
533 3596 573 3658 84
597 3597 700 3681 paulo
722 3597 855 3682 longius
872 3610 1031 3681 repetens
1048 3598 1212 3684 quidquid
1231 3599 1382 3662 homines

122 3691 124 3696 ’
212 3700 290 3763 inde
326 3700 370 3764 ab
405 3703 646 3787 antiquissimis
682 3702 891 3788 temporibus
928 3717 1042 3789 agant,
1066 3718 1192 3782 votum,
1216 3706 1381 3781 timorem,

275 3931 300 4000 *)
320 3933 337 3987 l.
358 3949 379 3987 o.
399 3949 461 4000 pag.
482 3935 542 3988 145.

264 4021 304 4086 **)
323 4022 397 4075 Haec
416 4023 439 4076 si
458 4029 531 4078 recte
550 4025 768 4094 interpretamur,
787 4025 886 4078 iniuria
904 4025 1089 4078 Hermannum
1108 4032 1135 4078 et
1154 4023 1278 4077 Jahnium
1294 4022 1381 4088 (edit.)

316 4124 379 4179 post
406 4129 430 4167 v.
451 4114 485 4168 85
504 4115 660 4168 incisionem
679 4115 774 4169 iecisse
793 4116 918 4183 cognosci
937 4120 1035 4182 potest.

246 4200 304 4266 ***)
324 4202 507 4271 Mosengelum
528 4205 556 4267 (l.
576 4220 597 4258 o.
617 4221 680 4272 pag.
701 4206 733 4258 17
746 4208 813 4271 sqq.)
832 4205 937 4257 ratione
955 4205 1003 4258 illa
1031 4203 1178 4259 Teuffelii·

318 4291 404 4344 losum
424 4292 532 4346 etiamsi
550 4293 626 4346 foede
636 4293 817 4346 disturbatum
827 4299 917 4346 tamen
928 4294 1064 4363 integrum
1075 4311 1134 4348 esse
1144 4308 1170 4346 nt

318 4380 397 4436 facile
416 4384 594 4438 consedimus.
