3254 4864
739 364 961 425 „14-

263 556 468 619 sententiam
492 555 633 620 habebis
668 557 774 621 hanc:
829 557 1067 646 Quaecunque
1114 562 1268 627 homines
1315 586 1335 626 a
1366 566 1439 630 deis

264 675 397 748 petunt,
422 685 509 727 vana
533 675 566 727 et
589 664 782 748 perniciosa
807 676 895 729 sunt.
934 665 983 730 At
995 668 1133 732 hercule
1158 670 1222 751 (sic
1236 671 1310 734 fere
1334 686 1438 757 poeta

263 771 328 834 sibi
353 772 426 856 ipse
463 769 670 855 obloquitur)
706 773 787 858 quid
811 773 949 836 tandem
973 797 992 838 a
1017 775 1090 838 deis
1113 778 1299 860 petendum
1332 779 1436 862 est?*)

266 877 371 953 Quod
410 889 523 940 autem
562 876 736 941 Vahlenus
775 879 903 942 hiatum
943 880 1034 943 illum
1077 903 1311 967 „supervacua
1358 891 1435 948 aut“

262 983 476 1049 tolerabilem
500 1003 574 1046 esse
598 996 713 1070 negat,
744 986 825 1048 satis
850 987 913 1049 erit
936 988 1096 1051 nonnulla
1120 989 1239 1053 similia
1263 1011 1305 1053 ex
1328 994 1438 1057 satiris

153 1147 158 1162 ,
263 1091 406 1155 afferre:
439 1090 496 1166 Vl,
511 1091 574 1160 274
606 1112 685 1172 „sua
712 1098 849 1178 atque“‚
874 1094 936 1156 408
970 1096 1128 1180 „agnosci
1146 1103 1280 1182 atque‚“
1310 1097 1354 1175 X,
1373 1101 1432 1162 281

268 1219 413 1284 „pompa
437 1198 617 1276 animam“‚
641 1197 740 1274 XIV,
766 1200 807 1262 49
832 1213 1021 1283 peccaturo
1046 1201 1190 1266 obstet“.

370 1340 598 1428 Similiterque
622 1354 725 1426 poeta
749 1343 874 1406 satirae
898 1340 986 1407 XlV
1010 1345 1185 1407 exordium
1209 1347 1256 1409 ita
1280 1346 1432 1425 absolvit,

261 1460 298 1511 ut
312 1471 366 1514 vv.
382 1449 422 1519 70
439 1488 458 1494 --
471 1449 510 1518 74
528 1470 693 1512 summam
717 1450 902 1533 superioris
925 1449 1162 1534 disputationis
1179 1455 1433 1538 comprehendit

262 1568 298 1619 et
321 1557 491 1644 legentem
516 1556 607 1619 haud
632 1556 746 1640 inepte
771 1555 816 1619 ad
840 1578 889 1640 ea,
915 1579 1002 1643 quae
1027 1559 1094 1621 iam
1118 1558 1150 1620 in
1167 1561 1324 1624 carminis
1341 1563 1433 1626 initio

262 1663 467 1739 dictasunt,
491 1675 641 1726 revocet.
666 1661 783 1748 Atque
808 1664 843 1726 id
866 1664 960 1749 quod
984 1665 1108 1728 satirae
1132 1668 1342 1751 propositum
1372 1683 1433 1747 est,

260 1783 366 1856 poeta
390 1771 482 1835 hisce
498 1770 611 1834 verbis
628 1770 772 1833 indicat:
799 1769 1006 1852 „Plurimum
1022 1772 1111 1834 enim
1127 1773 1288 1850 intererit,
1311 1775 1432 1860 quibus

263 1877 393 1941 artibus
422 1890 456 1940 et
488 1876 609 1964 quibus
639 1878 728 1941 hunc
764 1890 800 1940 tu
835 1877 991 1941 Moribus
1015 1879 1168 1942 instituas
1193 1895 1282 1957 ‚‚lvv.
1309 1879 1431 1966 73774).

260 1985 376 2069 Atque
412 1984 493 2048 illud
529 1984 667 2069 quidem
705 1992 836 2068 „artes“
872 1986 937 2048 hoc
972 1985 1049 2049 loco
1084 1985 1175 2049 idem
1211 1987 1322 2051 valere
1354 1988 1432 2062 mihi

260 2092 427 2178 persuasi,
444 2090 537 2183 quod
563 2092 738 2170 „vitiorum
756 2091 942 2155 elementa:
959 2093 1010 2156 his
1027 2093 1182 2177 protinus
1199 2094 1272 2157 illos
1289 2093 1433 2160 Imbuit“

261 2203 328 2279 (vv.
357 2197 525 2282 1237124).
579 2197 755 2284 Numquid
785 2198 840 2262 illo
875 2198 1068 2280 „Moribus“
1114 2213 1216 2284 poeta
1252 2201 1343 2264 aliud
1367 2203 1434 2288 sig-

258 2306 389 2369 nificari
423 2304 494 2368 vult
524 2306 588 2368 nisi
620 2305 775 2389 exempla
809 2307 1010 2390 parentium,
1037 2329 1125 2392 quae
1152 2320 1292 2390 „sponte
1318 2319 1432 2371 tamen

259 2413 398 2476 iuvenes
432 2413 621 2475 imitantur“
663 2449 703 2458 -
728 2417 774 2494 (v.
803 2411 901 2492 107)?
927 2412 1024 2486 Haec
1049 2435 1104 2476 res
1135 2414 1167 2476 in
1195 2412 1304 2496 prima
1332 2425 1430 2496 parte

260 2541 367 2605 usque
392 2519 437 2582 ad
474 2543 504 2582 v.
540 2520 611 2596 100,
644 2518 699 2581 illa
733 2540 814 2582 vero
843 2520 889 2581 in·
909 2520 1060 2583 secunda
1091 2541 1196 2606 usque
1227 2519 1279 2584 ad.
1310 2541 1340 2583 v.
1365 2520 1425 2580 331

262 2638 438 2689 tractatur.
464 2626 561 2690 Haec
575 2627 602 2689 si
617 2638 710 2690 recte
723 2627 940 2710 interpretati
953 2647 1078 2703 sumus,
1096 2627 1194 2690 nobis
1214 2625 1431 2689 statuendum

262 2754 334 2796 esse
360 2734 503 2817 videtur,
544 2732 722 2798 exordium
761 2756 793 2795 v.
831 2734 869 2804 74
899 2734 1084 2810 terminari,
1111 2755 1222 2820 neque
1254 2733 1433 2796 Hertz-

155 2883 158 2893 ψ
259 2838 481 2926 bergius**)
498 2840 595 2904 nobis
604 2841 782 2924 persuasit,
802 2840 860 2924 qui
873 2841 1051 2904 exordium
1067 2863 1099 2904 v.
1114 2840 1174 2903 100
1185 2839 1430 2905 concludivult.

366 2947 404 3010 In
428 2948 531 3011 satira
555 2947 601 3010 ΙΙΙ
625 2947 785 3032 bipartito
815 2947 849 3010 id
877 2948 969 3032 quod
986 2961 1091 3032 caput
1108 2949 1210 3012 totius
1226 2947 1431 3034 quaestionis

261 3068 322 3132 est,
339 3055 508 3119 indicatur
518 3053 672 3118 versibus
686 3055 783 3132 5-9,
798 3054 919 3142 quibus
937 3056 1123 3134 „incendia
1135 3056 1251 3140 lapsus
1264 3064 1432 3117 tectorum

259 3162 414 3226 assiduos
449 3182 490 3225 ac
514 3161 604 3224 mille
639 3162 791 3246 pericula
827 3183 952 3225 saevae
977 3160 1100 3226 Urbis“
1128 3173 1231 3246 poeta
1257 3171 1433 3223 enumerat

260 3282 294 3332 et
319 3292 373 3330 vv.
399 3269 541 3342 21-2l‚
567 3266 688 3353 quibus
711 3268 746 3329 in
769 3266 854 3331 urbe
867 3268 994 3331 nullum
1010 3267 1122 3331 locum
1139 3267 1267 3332 artibus
1283 3267 1432 3337 honestis

258 3397 331 3439 esse
356 3375 576 3439 demonstrat.
623 3373 719 3438 Haec
745 3374 881 3458 quidem
905 3396 959 3438 res
981 3375 1095 3464 statim
1119 3376 1152 3437 in
1175 3376 1285 3460 prima
1308 3374 1430 3436 satirae

256 3495 356 3568 parte
380 3482 550 3566 copiosius
575 3480 775 3565 explicatur.
816 3481 946 3546 Omnes
964 3503 1045 3545 vero
1069 3482 1144 3545 illae
1162 3502 1227 3558 ree,
1253 3479 1431 3565 dequibus

260 3591 325 3654 iam
350 3612 404 3653 vv.
430 3589 516 3653 5-9
542 3588 639 3673 quasi
662 3589 872 3672 praeteriens
896 3599 999 3673 poeta
1022 3589 1155 3652 locutus
1180 3601 1241 3664 est,
1267 3588 1301 3650 in
1324 3587 1431 3650 altera

257 3705 357 3783 parte
402 3699 525 3761 satirae
575 3697 652 3761 inde
692 3720 712 3761 a
751 3720 783 3759 v.
831 3695 892 3759 190
935 3697 1129 3760 accuratius
1169 3705 1432 3781 pertractantur.

257 3883 464 3892 Q

322 4000 347 4050 *l
368 3999 565 4066 Bergmuellero
598 4000 626 4066 (l.
659 4015 679 4052 c.
712 4013 773 4065 pag.
806 3999 856 4051 401
890 3997 949 4064 sqq)
981 3996 1108 4050 assentiri
1147 4013 1199 4049 non
1241 4011 1357 4063 possum,
1387 3993 1434 4060 qui

447 4087 502 4154 inii,
521 4087 695 4155 boemanni,
715 4086 912 4141 Friedlaenderi
932 4087 1097 4152 aliorumque
1116 4085 1275 4138 emendandi
1291 4083 1433 4138 conatibus

496 4177 552 4244 ipse
580 4183 644 4230 sane
675 4177 742 4229 mira
773 4184 854 4243 atque
878 4182 1003 4229 contorta
1024 4175 1221 4241 interpretandi
1240 4176 1347 4229 ratione
1365 4189 1432 4228 usus

467 4266 501 4318 lit
520 4266 587 4320 illud
605 4273 732 4333 „propter
751 4267 838 4332 quae“
857 4265 927 4318 idem
946 4280 1003 4317 esse
1024 4263 1094 4330 quod
1115 4263 1261 4331 „adversus
1281 4265 1376 4331 quae.“

466 4361 495 4410 tt.
515 4365 566 4410 sat.
586 4355 710 4408 Juvenal.
730 4355 871 4423 Stuttgart
891 4354 968 4408 1867.
