3254 4864
739 407 959 470 ..28-

267 617 383 669 exstat
409 605 442 667 in
467 605 592 669 satirae
616 602 697 666 Ivv.
712 601 753 667 95
778 623 864 688 sqq,
888 602 931 667 de
956 623 1023 688 quo
1048 602 1113 666 iam
1137 622 1239 685 supra
1263 599 1453 684 copiosius

267 712 523 797 disputavimus.
570 709 670 774 Aliae
699 710 864 774 eiusmodi
888 710 1119 797 digressiones
1146 719 1283 793 praeter
1314 728 1451 772 neces-

267 821 399 883 sitatem
424 818 561 882 additae
585 818 617 880 in
642 815 796 881 omnibus
819 817 889 882 sere
912 817 1023 880 satiris
1047 815 1356 901 deprehenduntur.
1402 815 1452 878 In

266 927 367 990 satira
415 925 446 990 Il
496 925 633 1011 quidem
682 924 759 987 inde
797 945 818 987 a
857 946 886 988 v.
926 924 967 988 93
1007 923 1258 987 accuratissime
1311 922 1448 1007 singuli

267 1033 468 1096 feminarum
491 1043 678 1116 apparatus
701 1030 949 1107 describuntur,
973 1030 1094 1115 quibus
1119 1030 1162 1093 ad
1187 1029 1282 1115 orgia
1313 1027 1451 1094 Bonae

266 1139 361 1202 Deae
397 1139 458 1202 rite
483 1139 626 1203 colenda
651 1159 736 1223 opus
762 1151 844 1202 erat.
891 1137 982 1202 Tum
1004 1138 1047 1202 de
1071 1136 1215 1200 Othonis
1239 1135 1452 1200 effeminata.

266 1245 404 1309 mollitie
442 1257 545 1330 poeta
581 1246 739 1309 nonnulla
778 1245 883 1309 addit.
931 1244 1006 1308 Hac
1030 1244 1238 1330 digressione
1277 1241 1450 1308 absoluta.

265 1365 368 1438 poeta
401 1353 550 1439 singulas
585 1351 768 1438 Orgiorum
803 1372 857 1416 res
888 1373 1048 1416 enarrare
1072 1351 1195 1437 pergit.
1242 1349 1319 1414 Hoc
1344 1351 1448 1414 enim

267 1459 368 1522 modo
393 1471 539 1522 mentem
563 1471 686 1544 poetae
710 1458 923 1543 interpretari
940 1457 1040 1521 licet:
1068 1458 1162 1537 ,Viri
1179 1457 1232 1521 isti
1249 1457 1441 1521 effeminati

267 1565 464 1631 muliebrem
500 1565 651 1630 habitum
687 1577 720 1629 et
755 1565 906 1652 speciem
941 1565 1104 1630 affectare
1149 1585 1216 1628 non
1262 1576 1446 1628 verentur.

266 1674 384 1760 Itaque
419 1675 474 1738 hic
510 1675 544 1755 ti.
570 1695 599 1737 e.
631 1672 687 1736 ubi
729 1673 893 1737 eiusmodi
928 1694 993 1749 res
1029 1693 1113 1759 quas
1144 1693 1247 1756 supra
1286 1674 1436 1749 narravi,

265 1793 441 1868 geruntur)
481 1780 589 1843 nullus
629 1757 812 1843 verborum
858 1780 970 1866 pudor
1008 1780 1147 1843 inveniri
1197 1791 1320 1864 potest,
1374 1780 1437 1844 sed

233 1887 415 1974 *Cybeles
440 1886 577 1950 libertas
600 1891 751 1972 regnat.“
801 1886 920 1972 Itaque
956 1886 1164 1973 digressione
1201 1906 1218 1948 e
1252 1884 1433 1950 verborum

266 1995 383 2058 ordine
419 2006 578 2078 exempta
601 2015 668 2056 non
694 1993 795 2057 modo
812 1994 891 2056 nihil
906 1993 1127 2068 desideratur,
1152 1992 1213 2056 sed
1230 1993 1278 2056 sic
1296 1993 1433 2057 demum

265 2103 425 2168 orationis
464 2103 672 2166 concinnitas
709 2103 809 2186 plane
854 2102 1048 2166 restituitur.
1117 2101 1252 2164 Etenim
1292 2101 1348 2164 illa
1388 2105 1429 2166 de

266 2211 411 2275 Othonis
446 2210 583 2273 mollitie
608 2210 756 2273 narratio
781 2230 858 2274 cum
888 2209 1042 2294 proxime
1067 2208 1320 2293 insequentibus
1344 2209 1429 2272 adeo

265 2338 332 2380 non
368 2315 529 2400 copulata
560 2329 620 2392 est,
656 2328 693 2378 ut
728 2317 814 2380 inter
848 2339 901 2381 vv.
939 2316 998 2378 109
1035 2329 1069 2378 et
1105 2317 1166 2378 110
1201 2316 1308 2379 oratio
1333 2315 1434 2379 valde

266 2434 360 2486 curta
384 2423 425 2484 sit
450 2435 483 2485 et
506 2422 686 2486 claudicet.

370 2527 461 2610 Vide
484 2527 601 2590 similia
626 2529 659 2590 in
688 2529 813 2592 satirae
837 2527 919 2591 VIII
942 2551 993 2592 vv.
1032 2530 1092 2590 211
1120 2549 1206 2613 sqq,
1231 2530 1347 2615 quibus
1368 2525 1421 2587 illa

264 2635 307 2699 de
342 2635 490 2699 Neronis
526 2635 732 2698 immanitate
767 2635 932 2722 digressio
973 2656 1095 2719 parurn
1137 2635 1220 2699 scite
1264 2635 1422 2700 inseritur.

264 2743 378 2807 Versu
400 2727 473 2805 '231
512 2754 615 2826 poeta
646 2742 691 2805 ad
722 2763 804 2818 rem,
841 2764 941 2827 quam
979 2742 1132 2820 instituit,
1165 2743 1275 2806 redire
1308 2741 1427 2820 studet,

264 2850 326 2914 sed
354 2851 453 2913 etiam
477 2850 542 2915 hoc
582 2849 658 2913 loco
697 2850 897 2934 requirImus
932 2850 1101 2912 vinculum
1141 2850 1324 2934 quoddam,
1363 2868 1431 2934 quo

264 2957 429 3041 digressio
455 2976 531 3019 cum
555 2954 839 3042 subsequentibus
857 2969 1064 3021 conectatur.
1090 2993 1131 3002 -
1155 2955 1313 3021 Pluribus
1330 2958 1432 3044 igitur

264 3063 347 3126 Iocis
372 3075 466 3126 tanta
490 3063 705 3149 neglegentia
730 3063 954 3149 digressiones
978 3077 1150 3148 tamquam
1175 3085 1305 3148 pannos
1329 3076 1434 3149 poeta

263 3169 423 3246 inculcat,
451 3184 487 3233 ut
511 3170 667 3233 videatur
685 3170 809 3234 oblitus
833 3192 907 3235 esse
933 3172 1032 3234 rimas
1059 3171 1138 3235 inde
1162 3183 1253 3234 ortas
1279 3171 1429 3256 explere.

231 3301 234 3308 ’
264 3276 429 3340 Nimirum
453 3276 554 3340 facile
579 3277 733 3340 concedo
768 3278 934 3341 nonnullis
969 3277 1052 3341 Iocis
1090 3289 1226 3362 poetam
1261 3278 1442 3342 studuisse·

263 3384 493 3470 digressiones
528 3403 605 3446 cum
641 3404 771 3446 summa
817 3385 1023 3468 quaestionis
1059 3385 1291 3470 conglutinare
1327 3399 1363 3448 ut
1397 3385 1432 3448 in

262 3491 385 3555 satirae
420 3489 469 3553 IV
505 3512 535 3554 v.
571 3489 623 3566 55,
658 3489 694 3552 X
729 3513 760 3552 v.
798 3491 837 3554 54
875 3491 1052 3576 particula,
1092 3496 1228 3577 „ergo“,
1264 3492 1340 3568 XII,
1369 3493 1426 3554 III

262 3597 430 3683 particula
472 3598 609 3683 „igitur“
650 3598 776 3662 addita.
823 3599 861 3662 In
896 3600 1018 3662 satirae
1057 3599 1090 3663 X
1117 3622 1146 3663 v.
1175 3599 1234 3663 185
1259 3612 1361 3685 poeta
1385 3599 1442 3662 ad.

263 3705 451 3769 orationem
463 3704 672 3790 dIgressione
685 3707 908 3790 interruptam
918 3705 1005 3770 redit
1013 3708 1157 3792 repetita
1166 3707 1430 3792 interrogatione

262 3831 380 3876 versus
420 3813 494 3882 179:
530 3813 657 3898 ,qualis
693 3811 823 3877 redit?“
862 3850 903 3858 -
939 3811 1104 3878 Attamen
1135 3815 1168 3877 hi
1200 3835 1335 3898 quoque
1363 3812 1430 3877 Ioci

261 3940 370 4005 usque
394 3934 434 3982 eo
458 3941 525 3983 non
548 3920 651 3984 limati
675 3941 786 4006 neque
809 3940 947 4004 prorsus
971 3921 1134 3985 elaborati
1159 3941 1232 3984 esse
1261 3920 1441 3997 videntur,
1526 3899 1528 3906 ¹

262 4039 298 4090 ut
324 4025 419 4090 facile
444 4028 648 4113 singularum
673 4028 820 4113 partium
844 4029 1083 4095 commissurae
1115 4028 1261 4112 perspici
1289 4029 1440 4113 possint..

369 4150 429 4214 His
453 4152 611 4236 quoniam
637 4153 682 4216 ad
704 4151 805 4215 finem
829 4152 997 4236 perducta
1022 4163 1073 4215 est
1090 4151 1175 4215 haec
1193 4151 1441 4237 diSputationis-

261 4279 352 4342 pars,
388 4269 504 4333 restat,
539 4272 576 4321 ut
600 4280 667 4344 qua
691 4259 820 4322 ratione
844 4258 976 4344 singula
999 4258 1205 4343 quaestionis
1228 4271 1430 4346 argumenta

261 4366 294 4429 in
329 4364 438 4428 satiris
470 4365 556 4429 inter
579 4387 615 4429 se
640 4386 772 4430 conexa
803 4367 869 4429 sint
892 4365 1012 4449 paucis
1037 4366 1264 4430 ostendamus.
1312 4367 1440 4452 Atque
1489 4351 1492 4360 λ
