3254 4864
690 874 896 996 Vita.

744 1119 848 1128 ———

313 1313 441 1399 Hugo
477 1310 667 1375 Carolus
702 1309 957 1374 Ludovicus
991 1309 1140 1395 Sydow
1175 1323 1273 1373 natus
1306 1331 1380 1374 sum

202 1423 242 1484 in
269 1419 393 1504 oppido
417 1417 567 1481 Borusso
591 1417 649 1480 Dt.
676 1416 790 1481 Crone
815 1417 870 1480 die
894 1415 1031 1480 XXVII
1055 1439 1098 1481 m.
1123 1398 1216 1502 Aug.
1241 1439 1272 1480 a.
1298 1418 1382 1480 h.'s

209 1525 296 1591 LIX
331 1537 429 1610 patre
467 1522 635 1587 Guilelmo
670 1536 777 1586 matre
813 1522 1010 1608 Johannae
1041 1537 1143 1611 gente
1168 1522 1379 1587 Perdelwitz
1449 1509 1451 1513 ’

213 1654 298 1718 quos
318 1632 429 1695 adhuc
453 1630 568 1694 vivere
593 1650 803 1715 magnopere
826 1629 972 1716 gaudeo.
1008 1629 1104 1693 Fidei
1128 1630 1286 1694 addictus
1304 1651 1378 1693 sum

214 1737 439 1824 evangelicae.
499 1734 686 1820 Postquam
731 1736 765 1798 in
804 1736 931 1821 oppido
979 1735 1171 1801 Pomerano
1216 1736 1375 1800 Demmin

207 1845 370 1930 pueritiae
387 1843 571 1928 disciplinis
588 1841 734 1907 imbutus
751 1843 830 1906 inde
847 1842 890 1906 ab
904 1865 992 1908 anno
1009 1844 1090 1906 1868
1104 1842 1151 1907 ibi
1162 1845 1377 1930 gymnasium

205 1973 268 2037 per
303 1952 423 2015 decem
459 1971 565 2013 annos
602 1948 827 2034 frequentavi,
862 1961 1008 2013 exeunte
1042 1971 1131 2014 anno
1171 1951 1252 2023 1878
1290 1951 1377 2013 inter

206 2059 299 2122 cives
333 2056 573 2121 Universitatis
608 2054 834 2119 Berolinensis
874 2067 1032 2141 receptus
1066 2077 1140 2119 sum
1176 2068 1279 2142 atque
1314 2079 1377 2142 per

197 2164 311 2228 octies
350 2183 411 2227 sex
449 2183 583 2226 menses
621 2161 769 2226 Berolini
807 2163 931 2227 scholis
981 2164 1193 2250 philologieis
1241 2163 1377 2227 interfui

206 2271 355 2333 virorum
374 2269 635 2334 clarissimorum
652 2268 854 2346 Vahleni‚
879 2269 1102 2333 Kirchhoff
1110 2271 1154 2346 ii,
1173 2269 1381 2346 Robertii‚

206 2374 444 2452 Huebneri‚
477 2374 723 2452 Schmidtii‚
755 2375 905 2440 Curtii.
952 2375 1087 2452 Quibus
1111 2375 1265 2440 omnibus
1302 2377 1382 2441 viris

207 2481 410 2546 doctissimis
433 2483 491 2566 pio
515 2503 651 2567 semper
669 2483 787 2546 'animo
811 2481 961 2546 debitam
984 2483 1131 2568 gratiam
1154 2482 1300 2547 habebo,

314 2587 417 2652 Anno
446 2589 529 2651 1884
553 2610 617 2673 pro
640 2589 805 2653 facultate
829 2588 975 2654 docendi
1001 2591 1195 2654 examinato
1219 2590 1310 2654 haud
1335 2591 1382 2654 ita

214 2695 317 2759 multo
350 2706 430 2780 post
453 2695 589 2758 militiae
613 2716 734 2758 munus
758 2694 970 2759 subeundum
995 2708 1078 2760 erat.
1103 2695 1277 2759 Autumno
1302 2698 1381 2760 anni

213 2802 295 2865 1881)
336 2802 444 2865 iussus
483 2823 557 2865 sum
595 2823 616 2865 a
636 2801 799 2888 'collegio
837 2802 961 2866 scholis
1000 2801 1144 2887 publicis
1180 2803 1379 2888 provinciae

204 2907 383 2972 Marchiae
406 2907 603 2993 praeposito
626 2907 660 2969 in
682 2909 861 2994 gymnasio
886 2907 1261 2995 Charlottenburgiensi
1294 2931 1376 2994 pro·

205 3013 312 3078 bandi
334 3035 436 3078 causa
459 3014 584 3079 docere
608 3013 721 3100 ibique
746 3015 823 3078 inde
847 3013 891 3078 ab
916 3036 1004 3080 anno
1033 3016 1114 3085 1887
1140 3017 1375 3101 praeceptoris

206 3141 347 3184 munere
370 3120 504 3207 fungor.
1373 3123 1377 3130 ’
